@String{BTacb   = "Act. Cryst. B."}
@String{BTacd   = "Act. Cryst. D."}
@String{BTacp   = "Adv. Chem. Phys."}
@String{BTang	= "Angew. Chemie"}
@String{BTarbb	= "Annu. Rev. Biophys. Biomol. Struct."}
@String{BTarbbc = "Annu. Rev. Biophys. Biophys. Chem."}
@String{BTarbc	= "Annu. Rev. Biochem."}
@String{BTarbp	= "Annu. Rev. Biophys."}
@String{BTarpc	= "Annu. Rev. Phys. Chem."}
@String{BTarp	= "Annu. Rev. Physiol."}
@String{BTarchbb= "Arch. Bioch. Bioph."}
@String{BTbba	= "Biochim. Biophys. Acta"}
@String{BTbcb	= "Biochem. Cell. Biol."}
@String{BTbbpc  = "Ber. Bunsenges. Phys. Chem."}
@String{BTbbrc	= "Biochem. Biophys. Res. Comm."}
@String{BTbioch	= "Biochemistry"}
@String{BTbiopc	= "Bioph. Chem."}
@String{BTbj	= "Biophys. J."}
@String{BTbiop	= "Biopolymers"}
@String{BTbi	= "Bioch. Int."}
@String{BTbmbi	= "Biochem. Mol. Biol. Int."}
@String{BTcb	= "Curr. Biol."}
@String{BTcosb	= "Curr. Opin. Struct. Biol."}
@String{BTcpc	= "Comp. Phys. Comm."}
@String{BTcpl	= "Chem. Phys. Lett."}
@String{BTcp	= "Chem. Phys."}
@String{BTcr	= "Chem. Rev."}
@String{BTcsr	= "Chem. Soc. Rev."}
@String{BTejb	= "Eur. J. Biochem."}
@String{BTebj	= "Eur. Biophys. J."}
@String{BTfaseb = "FASEB J."}
@String{BTfebs	= "FEBS Lett."}
@String{BTijqc	= "Int. J. Quant. Chem."}
@String{BTijpp	= "Int. J. Pept. Prot. Res."}
@String{BTisrjc	= "Isr. J. Chem."}
@String{BTjacs	= "J. Am. Chem. Soc."}
@String{BTjapl  = "J. Appl. Crystallogr."}
@String{BTjaplp = "J. Appl. Phys."}
@String{BTjbc	= "J. Biol. Chem."}
@String{BTjbnmr	= "J. Biomol. NMR"}
@String{BTjbsd	= "J. Biomol. Struct. Dyn."}
@String{BTjcaid	= "J. Comp. Aid. Mol. Design"}
@String{BTjcc	= "J. Comp. Chem."}
@String{BTjced  = "J. Chem. Eng. Data"}
@String{BTjcomp	= "J. Comp. Phys."}
@String{BTjcp	= "J. Chem. Phys."}
@String{BTjcsft = "J. Chem. Soc. Far. Trans."}
@String{BTjmb	= "J. Mol. Biol."}
@String{BTjmag  = "J. Magn. Reson."}
@String{BTjmagb = "J. Magn. Reson. Ser. B"}
@String{BTjmm	= "J. Mol. Mod."}
@String{BTjmst	= "J. Mol. Struct. (THEOCHEM)"}
@String{BTjms	= "J. Mol. Struct."}
@String{BTjpc	= "J. Phys. Chem."}
@String{BTjpca	= "J. Phys. Chem. A."}
@String{BTjpcb	= "J. Phys. Chem. B."}
@String{BTlang  = "Langmuir"}
@String{BTmph	= "Mol. Phys."}
@String{BTmcb	= "Mol. Cell. Bioch."}
@string{BTmie   = "Methods in Enyzmology"}
@String{BTmsim	= "Mol. Sim."}
@String{BTnature= "Nature"}
@String{BTnsb	= "Nature Struct. Biol."}
@String{BTpeng	= "Prot. Eng."}
@String{BTpnas	= "Proc. Natl. Acad. Sci. USA"}
@String{BTpr	= "Phys. Rev."}
@String{BTpra	= "Phys. Rev. {\bf A}"}
@String{BTprb	= "Phys. Rev. {\bf B}"}
@String{BTpre	= "Phys. Rev. {\bf E}"}
@String{BTprl	= "Phys. Rev. Lett."}
@String{BTprot	= "PROTEINS: Struct. Funct. Gen."}
@String{BTpsci	= "Prot. Sci."}
@String{BTsci   = "Science"}
@String{BTstr	= "Structure"}
@String{BTtchim	= "Theor. Chim. Acta."}
@String{BTtibs	= "Trends Biochem. Sci."}
@String{BTtibtech= "Trends Biotech."}

@Article{AWang95,
  author = 	 {A. C. Wang and A. Bax},
  title = 	 {Reparametrization of the {K}arplus Relation for
                  {$^3$J(H$\alpha$-N)} and {$^3$J(H$^N$-C')} in
                  Peptides from Uniformly {$^{13}$C$^{15}$N}-Enriched
                  Human Ubiquitin},
  journal = 	 BTjacs,
  year = 	 1995,
  volume =	 117,
  pages =	 {1810-1813}
}

@Article{Aalten95,
  author =       "D. M. F. van Aalten and A. Amadei and A. B. M. Linssen
                 and V. G. H. Eijsink and H. J. C. Berendsen",
  title =        "The Essential Dynamics of Thermolysin: Confirmation of
                 the Hinge-Bending Motion and Comparison of Simulations
                 in Vacuum and Water",
  journal =      BTProt,
  year =         "1995",
  volume =       "22",
  pages =        "45--54",
}

@Article{Ahlstrom89,
  author =       "P. Ahlstr{\"o}m and A. Wallqvist and S. Engstr{\"o}m
                 and B. J{\"o}nsson",
  title =        "A molecular dynamics study of polarizable water",
  journal =      BTmph,
  year =         "1989",
  volume =       "68",
  pages =        "563--581",
}

@Article{Abad87,
  author =       "C. Abad-Zapatero and J. P. Griffith and J. L. Sussman
                 and M. G. Rossmann",
  title =        "Refined Crystal Structure of {M4} Dogfish Apo-Lactate
                 Dehydrogenase",
  journal =      BTjmb,
  year =         "1987",
  volume =       "198",
  pages =        "445--467",
}

@Book{Abragam61,
  author = 	 {A. Abragam},
  title = 	 {Principles of Nuclear Magnetism},
  publisher = 	 {Oxford University Press},
  year = 	 1961,
  address =      {Oxford, UK}
}

@Article{Adams79,
  author = 	 {D. J. Adams and E. M. Adams and G. J. Hills},
  title = 	 {The computer simulation of polar liquids},
  journal = 	 BTmph,
  year = 	 1979,
  volume =	 38,
  pages =	 {387-400}
}

@Article{Agmon96,
  author = 	 {N. Agmon},
  title = 	 {Tetrahedral Displacement: The molecular mechanism
                  behind the {D}ebye relaxation in water},
  journal = 	 BTjpc,
  year = 	 1996,
  volume =	 100,
  pages =	 {1072-1080},
  annote =	 {The arguments for and against a single-molecule
                  rotation mechanism for dielectric relaxation of
                  water are surveyed. It is concluded that two
                  distinct molecular mechanisms are operative in water}
}

@Article{Alexandrov93,
  author =       "Nickolai Alexandrov",
  title =        "Structural arguments for {N}-terminal initiation of
                 protein folding",
  journal =      BTpsci,
  year =         "1993",
  volume =       "2",
  pages =        "1989--1991",
}

@Book{Allen87,
  author =       "M. P. Allen and D. J. Tildesley",
  title =        "Computer Simulations of Liquids",
  publisher =    "Oxford Science Publications",
  address =      "Oxford",
  year =         "1987",
}

@Article{Astrand91,
  author =       "P. -O. {{\AA}}strand and A. Wallqvist and G.
                 Karlstr{\"o}m and P. Linse",
  title =        "Properties of urea-water solvation calculated from a
                 new ab initio polarizable intermolecular potential",
  journal =      BTjcp,
  year =         "1991",
  volume =       "95",
  pages =        "8419-8429",
}

@Article{Astrand94a,
  author =       "P. -O. {{\AA}}strand and A. Wallqvist and G.
                 Karlstr{\"o}m",
  title =        "Non-empirical potentials for Urea-Water systems",
  journal =      BTjcp,
  year =         "1994",
  volume =       "100",
  pages =        "1262--1273",
}

@Article{Astrand94b,
  author =       "P. -O. {{\AA}}strand and A. Wallqvist and G.
                 Karlstr{\"o}m",
  title =        "Molecular dynamics simulations of 2{M} aqueous urea
                 solution",
  journal =      BTjpc,
  year =         "1994",
  volume =       "98",
  pages =        "8224--8233",
}

@Article{Alley83,
  author = 	 {W. E. Alley and B. J. Alder and S. Yip},
  title = 	 {The neutron scattering function for hard spheres},
  journal = 	 BTpra,
  year = 	 1983,
  volume =	 27,
  pages =	 {3174-3186}
}

@Article{Allinger76,
  author =       "N. L. Allinger \and J. Kao",
  title =        "Conformational Analysis-{CXIV} Molecular Mechanics
                 Studies of Sulfoxides",
  journal =      "Tetrahedron",
  year =         "1976",
  volume =       "32",
  pages =        "529",
}

@Article{Alper89,
  author = 	 {H. E. Alper and R. M. Levy},
  title = 	 {Computer simulations of the dielectric properties of
                  water: Studies of the simple point charge and
                  transferrable intermolecular potential models},
  journal = 	 BTjcp,
  year = 	 1989,
  volume =	 91,
  pages =	 {1242-1251}
}

@Article{Amadei93,
  author =       "Andrea Amadei and Antonius B. M. Linssen and Herman J.
                 C. Berendsen",
  title =        "Essential Dynamics of Proteins",
  journal =      BTprot,
  year =         "1993",
  volume =       "17",
  pages =        "412--425",
}

@Article{Amadei96,
  author = 	 {A. Amadei and A. B. M. Linssen and B. L. de Groot and
                  D. M. F.van Aalten and H. J. C. Berendsen},
  title = 	 {An Efficient Method for Sampling the Essential
                  Subspace of Proteins},
  journal = 	 BTjbsd,
  year = 	 1996,
  volume =	 13,
  pages =	 {615-626}
}

@Article{Anderson87,
  author = 	 {J. Anderson and J. J. Ullo and S. Yip},
  title = 	 {Molecular dynamics simulation of dielectric
                  properties of water},
  journal = 	 BTjcp,
  year = 	 1987,
  volume =	 87,
  pages =	 {1726-1732}
}

@Article{Anfinsen73,
  author =       "Christian B. Anfinsen",
  title =        "Principles that Govern the Folding of Protein Chains",
  journal =      BTsci,
  year =         "1973",
  volume =       "181",
  pages =        "223--230",
}

@Article{Angel83,
  author = 	 {C. A. Angell},
  title = 	 {Supercooled Water},
  journal = 	 BTarpc,
  year = 	 1983,
  volume =	 34,
  pages =	 {593-630}
}

@Article{Aqvist93,
  author =       "J. {{\AA}}qvist and A. Warshel",
  title =        "Simulation of Enzyme Reactions Using Valence Bond
                 Force Fields and Other Hybrid Quantum-Classical
                 Approaches",
  journal =      BTcr,
  year =         "1993",
  volume =       "93",
  pages =        "2523--2544",
}

@Book{Arfken70,
  author = 	 {G. Arfken},
  title = 	 {Mathematical methods for physicists},
  publisher = 	 {Academic Press},
  year = 	 1970,
  address =	 {New York}
}

@book{Atkins90,
  author = 	 {P. W. Atkins},
  title = 	 {Physical Chemistry},
  publisher = 	 {Oxford University Press},
  year = 	 1990,
  address =	 {Oxford, UK},
  edition =	 {Fourth Edition}
}

@Article{Auffinger95a,
  author = 	 {P. Auffinger and D. L. Beveridge},
  title = 	 {A simple test for evaluating the truncation effects
                  in simulations involving charged groups},
  journal = 	 BTcpl,
  year = 	 1995,
  volume =	 234,
  pages =	 {413-415}
}

@Article{Axelsen91,
  author = 	 {P. H. Axelsen and E. Gratton and F. G. Prendergast},
  title = 	 {Experimentally Verifying Molecular Dynamics
                  Simulations through Fluorescence Anisotropy Measurements},
  journal = 	 BTbioch,
  year = 	 1991,
  volume =	 30,
  pages =	 {1173-1179}
}

@Article{BBrooks83,
  author =       "B. R. Brooks and R. E. Bruccoleri and B. D. Olafson
                 and D. J. States and S. Swaminathan and M. Karplus",
  title =        "{CHARMM}: a Program for Macromolecular Energy,
                 Minimization, and Dynamics Calculation",
  journal =      BTjcc,
  year =         "1983",
  volume =       "4",
  pages =        "187--217",
}

@Article{BBrooks83b,
  author = 	 {B. Brooks and M. Karplus},
  title = 	 {Harmonic dynamics of proteins: Normal modes and
                  fluctuations in Bovine pancreatic trypsin inhibitor},
  journal = 	 BTpnas,
  year = 	 1983,
  volume =	 80,
  pages =	 {6571--6575}
}

@Article{Babu88,
  author =       "Y. Sudhakar Babu and Charles E. Bugg and William J.
                 Cook",
  title =        "Structure of Calmodulin Refined at 2.2{{\AA}}",
  journal =      BTjmb,
  year =         "1988",
  volume =       "204",
  pages =        "191--204",
}

@Article{Bacon88,
  author =       "D. J. Bacon and W. F. Anderson",
  title =        "A Fast Algorithm for Rendering Space-Filling Molecule
                 Pictures.",
  journal =      "J. Molec. Graph.",
  year =         "1988",
  volume =       "6",
  pages =        "219--220",
}

@Article{Baez94,
  author = 	 {L. A. B{\'a}ez and P. Clancy},
  title = 	 {Existence of a density maximum in extended simple
                  point charge water},
  journal = 	 BTjcp,
  year = 	 1994,
  volume =	 101,
  pages =	 {9837--9840}
}

@Article{Baker92,
  author =       "P. J. Baker and K. L. Britton and D. W. Rice and A.
                 Rob T. J. Stillman",
  title =        "Structural Consequences of Sequence Patterns in the
                 Fingerprint Region of the Nucleotide Binding Fold",
  journal =      BTjmb,
  year =         "1992",
  volume =       "228",
  pages =        "662--671",
}

@InCollection{Bala92,
  author =       "P. Bala and B. Lesyng and T. N. Truong and J. A.
                 McCammon",
  booktitle =    "Molecular Aspects of Biotechnology: Computational
                 Models and Theories",
  title =        "Ab Initio Studies and Quantum-Classical Molecular
                 Dynamics Simulations for Proton Transfer Processes in
                 Model Systems and in Enzymes",
  publisher =    "Kluwer",
  year =         "1992",
  editor =       "J. Bertran",
  pages =        "299--326",
  address =      "Dordrecht",
}

@Article{Bala94,
  author =       "P. Bala and B. Lesyng and J. A. McCammon",
  title =        "Applications of Quantum-Classical and
                 Quantum-Stochastic Molecular Dynamics Simulations for
                 Proton Transfer Processes",
  journal =      BTcp,
  year =         "1994",
  volume =       "180",
  pages =        "271--285",
}

@Article{Baldwin95,
  author =       "R. L. Baldwin",
  title =        "The nature of protein folding pathways: The classical
                 versus the new view",
  journal =      BTjbnmr,
  year =         "1995",
  volume =       "5",
  pages =        "103--109",
}

@Article{Baldwin96a,
  author = 	 {R. L. Baldwin},
  title = 	 {Why is Protein Folding so Fast ?},
  journal = 	 BTpnas,
  year = 	 1996,
  volume =	 93,
  pages =	 {2627-2628}
}

@Article{Balsera96,
  author = 	 {M. A. Balsera and W. Wriggers and Y. Oono and K. Schulten},
  title = 	 {Principle Component Analysis and Long Time Protein Dynamics},
  journal = 	 BTjpc,
  year = 	 1996,
  volume =	 100,
  pages =	 {2567-2572}
}

@Article{Ban94,
  author =       "C. Ban and B. Ramakrishnan and K. -Y. Ling and C. Kung
                 and M. Sundaralingam",
  title =        "Crystal structure of recombinant {P}aramecium
                 {T}etraurelia calmodulin at 1.68 {\AA} resolution",
  journal =      BTacd,
  year =         "1994",
  volume =       "50",
  pages =        "50--63",
}

@Article{Banci92,
  author = 	 {L. Banci and I. Bertini and P. Carloni and
                  C. Luchinat and P. L. Oriolo},
  title = 	 {Molecular Dynamics Simulations on {HiPIP} from {\em
                  {C}hromatium vinosum} and Comparison with {NMR} Data},
  journal = 	 BTjacs,
  year = 	 1992,
  volume =	 114,
  pages =	 {10683--10689}
}

@Article{Bancroft67,
  author =       "J. B. Bancroft and E. Hiebert",
  title =        "Formation of an infectious nucleoprotein from protein
                 and nucleic acid isolated from a small spherical
                 virus.",
  journal =      "Virology",
  year =         "1967",
  volume =       "32",
  pages =        "354--356",
}

@Article{Barbato92,
  author =       "G. Barbato and M. Ikura and L. E. Kay and R. W. Pastor
                 and A. Bax",
  title =        "Backbone Dynamics of Calmodulin Studied by {$^{15}$N}
                 Relaxation Using Inverse Detected {NMR} Spectroscopy:
                 The Central Helix is Flexible",
  journal =      BTbioch,
  year =         "1992",
  volume =       "31",
  pages =        "5269--5278",
}

@Article{Barth96,
  author = 	 {E. Barth and K. Kuczera and B. Leimkuhler and R. D. Skeel},
  title = 	 {Algorithms for Constrained Molecular Dynamics},
  journal = 	 BTjcc,
  year = 	 1996,
  volume =	 16,
  pages =	 {1192-1209}
}

@Article{Barthel90,
  author =       "J. Barthel and K. Bachhuber and R. Buchner and
                  H. Hetzenauer",
  title =        "Dielectric Spectra of some Common Solvents in the
                  Microwave Region, Water and Lower Alcohols",
  journal =      BTcpl,
  year =         "1990",
  volume =       "165",
  OPTnumber =    "4",
  pages =        "369-373",
  OPTmonth =     "",
  OPTremark =	 "Water, 25 C. 
                  It was found, that the relaxation behaviour
                  up to at last 60 GHz is governed by a single
                  exponential (\epsilon = 78.36, \tau = 8.27ps,
                  \epsilon_infty = 5.16). Below 40 GHz, only the
                  assumption of an additional exponential (\tau_2 =
                  1.02 ps) yields a satisfactory result.",
  OPTfolder =    "Dielectric relaxation",
}

@Article{Basu94,
  author =       "Gautam Basu and Akio Kitao and Fumio Hirata and
                 Nobuhiro G{$\bar{\rm o}$}",
  title =        "A Collective Motion Description of the
                 3{$_{10}$}/{$\alpha$}-Helix Transition: Implications
                 for a Natural Reaction Coordinate",
  journal =      BTjacs,
  year =         "1994",
  volume =       "116",
  pages =        "6307--6315",
}

@Article{Bayley69,
  author = 	 {P. M. Bayley and E. B. Nielsen and J. A. Schellman},
  title = 	 {The Rotary Properties of Molecules Containing Two
                  Peptide Groups: Theory},
  journal = 	 BTjpc,
  year = 	 1969,
  volume =	 73,
  pages =	 {228-243}
}

@Article{Bayley92,
  author =       "P. M. Bayley and S. R. Martin",
  title =        "The {\ahcal} content of calmodulin is increased by
                 solution conditions favouring protein crystallisation",
  journal =      BTbba,
  year =         "1992",
  volume =       "1160",
  pages =        "16--21",
}

@Article{Becke93,
  author =       "A. D. Becke",
  title =        "Density-functional thermochemistry. {III.} {T}he role
                 of exact exchange",
  journal =      BTjcp,
  year =         "1993",
  volume =       "98",
  pages =        "5648--5652",
}

@MastersThesis{Bekker87,
  author =       "H. Bekker",
  title =        "Ontwerp van een special-purpose computer voor
                 Moleculaire Dynamica Simulaties",
  school =       "RuG",
  year =         "1987",
}

@InCollection{Bekker92,
  author =       "H. Bekker and E. J. Dijkstra and H. J. C. Berendsen",
  booktitle =    "Parallel Computing: From Theory to Sound Practice",
  title =        "Mapping molecular dynamics simulation calculations on
                 a ring architecture",
  publisher =    "IOS Press",
  pages =        "268--279",
  editor =       "P. T. Wu and E. Milgrom",
  year =         "1992",
  address =      "Amsterdam",
}

@InProceedings{Bekker93a,
  author =       "H. Bekker and H. J. C. Berendsen and E. J. Dijkstra
                 and S. Achterop and R. van Drunen and D. van der Spoel
                 and A. Sij\-bers and H. Keegstra and B. Reitsma and M.
                 K. R. Renardus",
  title =        "Gromacs: {A} Parallel Computer for Molecular Dynamics
                 Simulations",
  editor =       "R. A. de Groot and J. Nadrchal",
  pages =        "252--256",
  booktitle =    "Physics Computing 92",
  year =         "1993",
  publisher =    "World Scientific",
  address =      "Singapore",
}

@Article{Brunne93,
  author =       "R. M. Brunne and W. F. van Gunsteren and R.
                 Br{\"u}schweiler and Richard R. Ernst",
  title =        "Molecular Dynamics simulation of the proline
                 conformational equilibrium and Dynamics in Antamanide
                 using the {GROMOS} force field",
  journal =      BTjacs,
  year =         "1993",
  pages =        "4764--4768",
}

@Article{Bundi79,
  author =       "A. Bundi and K. W{\"u}thrich",
  title =        "{$^1$H-NMR} Parameters of the Common Amino Acid
                 Residues Measured in Aqueous Solutions of the Linear
                 Tetrapeptides {H}-{Gly}-{Gly}-{X}-{L-Ala}-{OH}",
  journal =      BTbiop,
  year =         "1979",
  volume =       "18",
  pages =        "285--297",
}

@InProceedings{Bekker93b,
  author =       "H. Bekker and H. J. C. Berendsen and E. J. Dijkstra
                 and S. Achterop and R. v. Drunen and D. v. d. Spoel and
                 A. Sij\-bers and H. Keegstra and B. Reitsma and M. K.
                 R. Renardus",
  title =        "Gromacs Method of Virial Calculation Using a Single
                 Sum",
  editor =       "R. A. de Groot and J. Nadrchal",
  pages =        "257--261",
  booktitle =    "Physics Computing 92",
  year =         "1993",
  publisher =    "World Scientific",
  address =      "Singapore",
}

@Article{Bekker95,
  author = 	 {H. Bekker and E. J. Dijkstra and M. K. R. Renardus and H. J. C. Berendsen},
  title = 	 {An Efficient, Box Shape Independent Non-Bonded Force and Virial  
          Algorithm for Molecular Dynamics},
  journal = 	 BTmsim,
  year = 	 1995,
  volume =	 14,
  pages =	 {137-152}
}

@Article{Bera94,
  author =       "Aloke Kumar Bera and Biswadip Das and Subrata
                 Chattapahyay and Chanchal Dasgupta",
  title =        "Refolding of Denatured Restriction Endonucleases with
                 Ribosomal Preparations from Methanosarcina barkeri",
  journal =      BTbbrc,
  year =         "1994",
  volume =       "32",
  pages =        "315--323",
}

@InCollection{Berendsen81,
  author =       "H. J. C. Berendsen and J. P. M. Postma and W. F. van
                 Gunsteren and J. Hermans",
  booktitle =    "Intermolecular Forces",
  title =        "Interaction Models for Water in Relation to Protein
                 Hydration",
  editor = "B. Pullman",
  publisher =    "D. Reidel Publishing Company",
  address =      "Dordrecht",
  year =         "1981",
  pages =        "331--342",
}

@Article{Berendsen84,
  author =       "H. J. C. Berendsen and J. P. M. Postma and A. Di{N}ola
                 and J. R. Haak",
  title =        "Molecular dynamics with coupling to an external bath",
  journal =      BTjcp,
  year =         "1984",
  volume =       "81",
  pages =        "3684--3690",
}

@InCollection{Berendsen84b,
  author = 	 {H. J. C. Berendsen and W. F. van Gunsteren},
  title = 	 {Molecular Dynamics Simulations: Techniques and Approaches},
  booktitle = 	 {Molecular Liquids-Dynamics and Interactions},
  publisher =	 {Reidel},
  year =	 1984,
  address =	 {Dordrecht, The Netherlands},
  editor =	 {A. J. Barnes et al.},
  series =	 {NATO ASI C 135},
  pages =	 {475-500}
}

@Proceedings{Berendsen86a,
  title =        "Molecular-Dynamics Simulations of
                 Statistical-Mechanical Systems",
  year =         "1986",
  editor =       "G. Ciccotti and W. G. Hoover",
  publisher =    "North-Holland",
  organization = "Internat. School of Physics Enrico Fermi",
  address =      "Amsterdam",
}

@InProceedings{Berendsen86b,
  author =       "H. J. C. Berendsen and W. F. van Gunsteren",
  title =        "Practical Algorithms for Dynamics Simulations",
  year =         "1986",
}

@Article{Berendsen87,
  author =       "H. J. C. Berendsen and J. R. Grigera and T. P.
                 Straatsma",
  title =        "The missing term in effective pair potentials",
  journal =      BTjpc,
  year =         "1987",
  volume =       "91",
  pages =        "6269--6271",
}

@InCollection{Berendsen91,
  author =       "H. J. C. Berendsen",
  booktitle =    "Computer Simulations in Material Science",
  title =        "Transport properties computed by linear response
                 through weak coupling to a bath",
  publisher =    "Kluwer",
  year =         "1991",
  editor =       "M. Meyer and V. Pontikis",
  pages =        "139--155",
}

@InCollection{Berendsen93a,
  author =       "H. J. C. Berendsen",
  booktitle =    "Computer Simulation of Biomolecular Systems",
  title =        "Electrostatic interactions",
  publisher =    "ESCOM",
  year =         "1993",
  editor =       "W. F. van Gunsteren and P. K. Weiner and A. J.
                 Wilkinson",
  pages =        "161--181",
  address =      "Leiden",
}

@Article{Berendsen93b,
  author =       "H. J. C. Berendsen and J. Mavri",
  title =        "Quantum Simulation of Reaction Dynamics by Density
                 Matrix Evolution",
  journal =      BTjpc,
  year =         "1993",
  volume =       "97",
  pages =        "13464--13468",
}

@InCollection{Berendsen94,
  author =       "Herman J. C. Berendsen and David van der Spoel",
  booktitle =    "Aspects of Computational Science",
  title =        "Molecular Dynamics simulations",
  publisher =    "National Computing Facilities Foundation",
  address =      "P.O. Box 93120, 2509 AC Den Haag, The Netherlands",
  year =         "1994",
  editor =       "Aad van der Steen",
}

@Article{Berendsen95a,
  author =       "Herman J. C. Berendsen and David van der Spoel and
                 Rudi van Drunen",
  title =        "{GROMACS}: {A} message-passing parallel molecular
                 dynamics implementation",
  journal =      BTcpc,
  year =         "1995",
  volume =       "91",
  pages =        "43--56",
}

@InCollection{Caflisch94,
  author =       "Amadeo Caflisch and Martin Karplus",
  booktitle =    "The Protein Folding Problem and Tertiary Structure
                 Prediction",
  title =        "Molecular Dynamics Studies of Protein and Peptide
                 Folding and Unfolding",
  publisher =    "Birkh{\"a}user",
  year =         "1994",
  editor =       "Kenneth M. {Merz Jr.} and Scott M. {Le Grand}",
  pages =        "193--230",
  address =      "Boston",
}

@Article{Berendsen95b,
  author =       "H. J. C. Berendsen and J. Mavri",
  title =        "Approach to Nonadiabatic Transitions by Density Matrix
                 Evolution and Molecular Dynamics Simulations",
  journal =      "Int. J. Quant. Chem.",
  year =         "1996",
  volume =       "57",
  pages =        "975--984",
}

@Article{Berndt96a,
  author = 	 {K. D. Berndt and P. G{\"u}nthert and K. W{\"u}trich},
  title = 	 {Conformational Sampling by {NMR} Solution Structures
                  Calculated with the Program {DIANA} Evaluated by
                  Comparison With Long-Time Molecular Dynamics
                  Calculations in Explicit Water},
  journal = 	 BTprot,
  year = 	 1996,
  volume =	 24,
  pages =	 {304-313}
}

@Article{Besler90,
  author =       "Brent H. Besler and Kenneth M. {Merz Jr.} and Peter A.
                 Kollman",
  title =        "Atomic Charges Derived from Semiempirical Methods",
  journal =      BTjcc,
  year =         "1990",
  volume =       "11",
  pages =        "431--439",
}

@Article{Bieze93,
  author =       "T. W. N. Bieze and J. R. C. van der Maarel and
                  J. C. Leyte",
  title =        "The intramolecular {OH} bond length of water in a
                  concentrated poly(ethyleneoxide) solution. {A}n
                  {NMR} relaxation study",
  journal =      BTcpl,
  year =         "1993",
  volume =       "216",
  OPTnumber =    "1,2",
  pages =        "56-62",
  OPTmonth =     "",
  OPTremark =	 "Water, 298 K
                  \tau_{OH} = 2.0 ps, \tau_O 1.97 ps",
  OPTfolder =    "NMR",
}

@Article{Blaber93,
  author =       "M. Blaber and X. Zhang and B. W. Matthews",
  title =        "Structural Basis of {A}mino Acid {\ahx} Propensity",
  year =         BTsci,
  volume =       "260",
  pages =        "1637--1640",
}

@Article{Blanco93,
  author =       "Francisco J. Blanco and M. Angeles Jimenez and
                 Jos{\`e} Herranz and Manuel Rico and Jos{\`e} Santoro
                 and Jos{\`e} L. Nieto",
  title =        "{NMR} evidence of a short linear peptide that folds
                 into a {$\beta$}-hairpin in aqueous solution",
  journal =      BTjacs,
  year =         "1993",
  volume =       "115",
  pages =        "5887--5888",
}

@Article{Blanco94,
  author =       "Francisco J. Blanco and M. Angeles Jimenez and Antonio
                 Pineda and Manuel Rico and Jorge Santoro and Jos{\`e}
                 L. Nieto",
  title =        "{NMR} solution structure of the isolated {N}-terminal
                 fragment of protein-{G} {B$_1$} domain; Evidence of
                 trifluoroethanol induced native-like {$\beta$}-hairpin
                 formation",
  journal =      BTbioch,
  year =         "1994",
  volume =       "33",
  pages =        "6004--6014",
}

@Article{Bodkin96,
  author = 	 {M. J. Bodkin and J. M. Goodfellow},
  title = 	 {Hydrophobic Solvation in Aqueous Trifluoroethanol Solution},
  journal = 	 BTbiop,
  year = 	 1996,
  volume =	 39,
  pages =	 {43-50}
}

@Article{Boek92,
  author =       "E. S. Boek and W. J. Briels and J. van Eerden and D.
                 Feil",
  title =        "Molecular-dynamics simulations of interfaces between
                 water and crystalline urea",
  journal =      BTjcp,
  year =         "1992",
  volume =       "96",
  pages =        "7010",
}

@Article{Boek93,
  author =       "E. S. Boek and W. J. Briels",
  title =        "Molecular-dynamics simulations of aqueous urea
                 solutions: Study of dimer stability and solution
                 structure and calculation of the total nitrogen radial
                 distribution function Gn(r)",
  journal =      BTjcp,
  year =         "1993",
  volume =       "98",
  pages =        "1422",
}

@Article{Bossemeyer94,
  author =       "Dirk Bossemeyer",
  title =        "The glycine-rich sequence of protein kinases: a
                 multifunctional element",
  journal =      BTtibs,
  year =         "1994",
  volume =       "19",
  pages =        "201--205",
}

@Article{Braxenthaler95,
  author =       "M. Braxenthaler and F. Avbelj and J. Moult",
  title =        "Structure, Dynamics and Energetics of Initiation Sites
                 in Protein Folding: {I}. {A}nalysis of a 1 ns Molecular
                 Dynamics Trajectory of an Early Folding Unit in Water:
                 The Helix {I}/Loop {I}-Fragment of Barnase",
  journal =      BTjmb,
  year =         "1995",
  volume =       "250",
  pages =        "239--257",
}

@Article{Brodsky96,
  author = 	 {A. Brodsky},
  title = 	 {Is there predictive value in water computer simulations?},
  journal = 	 BTcpl,
  year = 	 1996,
  volume =	 261,
  pages =	 {563-568}
}

@Article{Brunne95,
  author = 	 {R. M. Brunne and K. D. Berndt and P. G{\"u}ntert and
                  K. W{\"u}thrich and W. F. van Gunsteren},
  title = 	 {Structure and Internal Dynamics of the Bovine
                  Pancreatic Trypsin Inhibitor in Aqueous Solution
                  From Long-Time Molecular Dynamics Simulation},
  journal = 	 BTprot,
  year = 	 1995,
  volume =	 23,
  pages =	 {49-62}
}

@Article{Brusch92,
  author = 	 {R. Br{\"u}schweiler and B. Roux and M. Blackledge
                  and C. Griesinger and M. Karplus and R. R. Ernst},
  title = 	 {Influence of Rapid Intramolecular Motion on {NMR}
                  Cross-Relaxation Rates. A Molecular Dynamics Study
                  of Antamanide in Solution},
  journal = 	 BTjacs,
  year = 	 1992,
  volume =	 114,
  pages =	 {2289-2302}
}

@Article{Bryngelson95,
  author = 	 {J. D. Bryngelson and J. N. Onuchic and N. D. Socci
                  and P. G. Wolynes},
  title = 	 {Funnels, Pathways, and the Energy Landscape of
                  Protein Folding},
  journal = 	 BTprot,
  year = 	 1995,
  volume =	 21,
  pages =	 {167-195}
}

@Article{Burg94,
  author =       "B. van den Burg and B. W. Dijkstra and G. Vriend and
                 B. van der Vinne and G. Venema",
  title =        "Protein Stabilization by Hydrophobic Interactions at
                 the Surface",
  journal =      BTejb,
  year =         "1994",
  volume =       "220",
  pages =        "981--985",
}

@Article{Burley86,
  author =       "S. K. Burley and G. A. Petsko",
  title =        "Amino-aromatic interactions in proteins",
  journal =      BTjmb,
  year =         "1986",
  volume =       "203",
  pages =        "139--143",
}

@Article{Burley89,
  author =       "S. K. Burley and G. A. Petsko",
  title =        "Electrostatic interactions in aromatic oligopeptides
                 contribute to protein stability",
  journal =      BTtibtech,
  year =         "1989",
  volume =       "7",
  pages =        "354--359",
}

@Article{Buuren93a,
  author =       "A. R. van Buuren and H. J. C. Berendsen",
  title =        "Molecular Dynamics simulation of the stability of a 22
                 residue alpha-helix in water and 30 \%
                 trifluoroethanol",
  journal =      BTbiop,
  year =         "1993",
  volume =       "33",
  pages =        "1159--1166",
}

@Article{Buuren93b,
  author =       "A. R. van Buuren and S. J. Marrink and H. J. C.
                 Berendsen",
  title =        "A Molecular Dynamics Study of the Decane/Water
                 Interface",
  journal =      BTjpc,
  year =         "1993",
  volume =       "97",
  pages =        "9206--9212",
}

@Manual{Buuren94a,
  author =       "Aldert R. van Buuren and Herman J. C. Berendsen",
  title =        "Video: Monolayer surfactant dynamics (1994)",
  address =      "BIOMOS bv. Nij\-enborgh 4, 9747 AG Groningen, the
                 Netherlands",
  organization = "A copy of this video (VHS, PAL or NTSC) can be
                 obtained for 40 US\$",
}

@Proceedings{Buuren94b,
  author =       "Aldert R. van Buuren and Herman J. C. Berendsen",
  title =        "Crossing Over in Chemistry: {\em proceedings of the
                 2$^{nd}$ annual advanced research workshop}",
  year =         "1994",
  editor =	 "A. R. van Buuren",
  organization = "Biophysical Chemistry, University of Groningen",
  address =	 "Groningen, the Netherlands",
  note =	 "ISBN 90-367-0432-4",
}

@Article{Buuren94c,
  author =       "A. R. van Buuren and H. J. C. Berendsen",
  title =        "Molecular dynamics simulations of carbohydrate based
                 surfactants in surfactant/water/oil systems",
  journal =      "Langmuir",
  year =         "1994",
  volume =       "10",
  pages =        "1703--1713",
}

@Article{Buuren95a,
  author =       "Aldert R. van Buuren and Siewert Jan Marrink and
                 Herman J. C. Berendsen",
  title =        "Characterisation of aqueous interfaces with different
                 hydrophobicities by molecular dynamics",
  journal =      "{\em Colloids and Surfaces. A: Physicochemical and
                 Engineering Aspects}",
  volume =       "102",
  year =         "1995",
  pages =        "143--158",
}

@Article{Buuren95b,
  author =       "Aldert R. van Buuren and Jacob de Vlieg and Herman J.
                 C. Berendsen",
  title =        "Structural Properties of 1,2-Diacyl-{\em sn}-glycerol
                 in Bulk and at the Water Interface by Molecular
                 Dynamics",
  journal =      BTlang,
  year =         "1995",
  volume =       "11",
  pages =        "2957--2965",
}

@Article{Bystrov76,
  author = 	 {V. F. Bystrov},
  title = 	 {Spin-spin coupling and the conformational states of
                  peptide systems},
  journal = 	 {Progr. {NMR} Spectr.},
  year = 	 1976,
  volume =	 10,
  pages =	 {41-81}
}

@Unpublished{CB96,
  author =       "C. L. {Brooks III}",
  title =        "",
  note =         "(personal communication)",
  OPTcrossref =  "",
  OPTkey =       "",
  OPTyear =      "",
  OPTmonth =     "",
  OPTannote =    "",
}

@Article{CBrooks93a,
  author =       "Charles L. {Brooks III}",
  title =        "Molecular Simulations of peptide and protein
                 unfolding: in quest of a molten globule",
  journal =      BTcosb,
  year =         "1993",
  volume =       "3",
  pages =        "92--98",
}

@Article{CBrooks93b,
  author =       "C. L. {Brooks III} and L. Nilsson",
  title =        "Promotion of Helix Formation in Peptides Dissolved in
                 Alcohol and Water-Alcohol Mixtures",
  journal =      BTjacs,
  year =         "1993",
  volume =       "115",
  pages =        "11034--11035",
}

@Article{CBrooks93c,
  author =       "C. L. {Brooks III} and D. A. Case",
  title =        "Simulations of Peptide Conformational Dynamics and
                 Thermodynamics",
  journal =      BTcr,
  year =         "1993",
  volume =       "93",
  pages =        "2487--2502",
}

@Article{CChen93,
  author = 	 {C. Chen and Y. Feng and J. H. Short and A. J. Wand},
  title = 	 {The Main Chain Dynamics of a Peptide bound to Calmodulin},
  journal = 	 BTarchbb,
  year = 	 1993,
  volume =	 306,
  pages =	 {510-514}
}

@Article{CXWang94,
  author = 	 {C. X. Wang and R. Douillard and V. Tran},
  title = 	 {Evaluation of the hydrophilic behaviour of a
                  $\beta$-casein peptide by molecular dynamics simulation},
  journal = 	 BTbba,
  year = 	 1994,
  volume =	 189,
  pages =	 {511-521}
}

@Article{Eder92,
  author =       "J{\"o}rg Eder and Kasper Kirsch\-ner",
  title =        "Stable Substructures of Eightfold
                 {$\beta\alpha$}-Barrel Proteins: Fragment
                 Complementation of Phosphoribosylanthranilate
                 Isomerase",
  journal =      BTbioch,
  year =         "1992",
  volume =       "31",
  pages =        "3617--3625",
}

@Article{Caldwell90,
  author =       "J. Caldwell and L. X. Dang and P. A. Kollman",
  title =        "Implementation of Nonnadditive Intermolecular
                  Potentials by Use of Molecular Dynamics: Development
                  of a Water-Water Potential and Water-Ion Cluster
                  Interactions",
  journal =      BTjacs,
  year =         "1990",
  volume =       "112",
  pages =        "9144-9147"
}

@Article{Case94a,
  author =       "D. A. Case and H. J. Dyson and P. E. Wright",
  title =        "Use of Chemical Shifts and Coupling Constants in
                 Nuclear Magnetic Resonance Structural Studies on
                 Peptides and Proteins",
  journal =      BTmie,
  year =         "1994",
  volume =       "239",
  pages =        "392--415",
}

@Article{Eigen55,
  author =       "M. Eigen and L. de Maeyer",
  title =        "Untersuchungen {\"u}ber die {K}inetik der
                 {N}eutralisation. {I}",
  journal =      "Zeitschrift f{\"u}r Elektrochemie",
  year =         "1955",
  volume =       "59",
  pages =        "986--993",
}

@Article{Case94b,
  author = 	 {D. A. Case},
  title = 	 {Normal mode analysis of protein dynamics},
  journal = 	 BTcosb,
  year = 	 1994,
  volume =	 4,
  pages =	 {285-290}
}

@Article{Case95a,
  author = 	 {D. A. Case},
  title = 	 {Calibration of ring-current effects in proteins and
                  nucleic acids},
  journal = 	 BTjbnmr,
  year = 	 1995,
  volume =	 6,
  pages =	 {341-346}
}

@Article{Celda95,
  author = 	 {B. Celda and C. Biamonti and M. J. Arnau and
                  R. Tejero and G. T. Montelione},
  title = 	 {Combined use of {$^{13}$C} chemical shifts and
                  {$^1$H$^{\alpha}$}-{$^{13}$C$^{\alpha}$}
                  heteronuclear {NOE} data in monitoring a protein
                  {NMR} structure refinement},
  journal = 	 BTjbnmr,
  year = 	 1995,
  volume =	 5,
  pages =	 {161-172}
}

@Article{FMP91,
  author =       "Florian M{\"u}ller-Plathe and David Brown",
  title =        "Multi-colour algorithms in molecular simulation:
                 vectorisation and parallelisation of internal forces
                 and constraints",
  journal =      BTcpc,
  year =         "1991",
  volume =       "64",
  pages =        "7--14",
}

@Article{FMP93,
  author =       "Florian M{\"u}ller-Plathe",
  title =        "{YASP}: {A} molecular simulation package",
  journal =      BTcpc,
  year =         "1993",
  volume =       "78",
  pages =        "77--94",
}

@Article{Chakra95,
  author =       "A. Chakrabartty and R. L. Baldwin",
  title =        "Stability of {$\alpha$}-helices",
  journal =      "Adv. Prot. Chem.",
  year =         "1995",
  volume =       "46",
  pages =        "141--176",
}

@Article{Chandler78,
  author = 	 {D. Chandler},
  title = 	 {Statistical Mechanics of Isomerization Dynamics in
                  Liquids and the Transition State Approximation},
  journal = 	 BTjcp,
  year = 	 1978,
  volume =	 68,
  pages =	 {2959-2970}
}

@Article{Chatfield95,
  author =       "David C. Chatfield and Bernard R. Brooks",
  title =        "{HIV}-1 Protease Cleavage Mechanism Elucidated with
                 Molecular Dynamics Simulation",
  journal =      BTjacs,
  year =         "1995",
  volume =       "117",
  pages =        "5561--5572",
}

@Article{Chatto92,
  author =       "R. Chattopadhyaya and W. E. Meador and A. R. Means and
                 F. A. Quiocho",
  title =        "Calmodulin Structure refined at 1.7{{\AA}}
                 resolution",
  journal =      BTjmb,
  year =         "1992",
  volume =       "228",
  pages =        "1177",
}

@Article{Chen92,
  author =       "Ping Chen and Ursula Schulze-Gahmen and Enrico A.
                 Stura and James Inglese and Dana L. Johnson and Ariane
                 Marolewski and Stephen J. Benkovic and Ian A. Wilson",
  title =        "Crystal Structure of Glycinamide Ribonucleotide
                 Transformylase from {E}scherichia Coli at 3.0{{\AA}}
                 Resolution",
  journal =      BTjmb,
  year =         "1992",
  volume =       "227",
  pages =        "283--292",
}

@Article{Cheney88,
  author =       "J. Cheney and B. V. Cheney and W. G. Richards",
  title =        "Calculation of {NH}-{$\Pi$} hydrogen bond energies in
                 basic pancreatic trypsin inhibitor",
  journal =      BTbba,
  year =         "1988",
  volume =       "954",
  pages =        "137--139",
}

@Article{Cheung77,
  author = 	 {P. S. Y. Cheung},
  title = 	 {On the calculation of specific heats, thermal
                  pressure coefficients and compressibilities in
                  molecular dynamics simulations},
  journal = 	 BTmph,
  year = 	 1977,
  volume =	 33,
  pages =	 {517-526}
}

@Article{Chialvo96a,
  author = 	 {A. A. Chialvo},
  title = 	 {On the realism of the re-engineered simple point
                  charge water model},
  journal = 	 BTjcp,
  year = 	 1996,
  volume =	 104,
  pages =	 {5240-5243}
}

@Article{Chialvo96b,
  author = 	 {A. A. Chialvo and P. T. Cummings},
  title = 	 {Engineering a simple polarizable model for the
                  molecular simulation of water applicable over wide
                  ranges of state conditions},
  journal = 	 BTjcp,
  year = 	 1996,
  volume =	 105,
  pages =	 {8274-8281}
}

@Article{Chipot94,
  author = 	 {C. Chipot and C. Milot and B. Maigret and P. A. Kollman},
  title = 	 {Molecular dynamics free energy simulations:
                  Influence of the truncation of lang-range nonbonded
                  electrostatic interactions on free energy
                  calculations of polar molecules},
  journal = 	 BTjcp,
  year = 	 1994,
  volume =	 101,
  pages =	 {7953-7962}
}

@Article{Chothia92,
  author =       "Cyrus Chothia",
  title =        "One thousand families for the molecular biologist",
  journal =      BTnature,
  year =         "1992",
  volume =       "357",
  pages =        "543--544",
}

@Article{Chou74,
  author =       "P. Y. Chou and G. D. Fasman",
  title =        "Conformational Parameters for Amino Acids in Helical,
                 {$\beta$}-Sheet, and Random Coil Regions Calculated
                 from Proteins",
  journal =      BTbioch,
  year =         "1974",
  volume =       "13",
  pages =        "211--221",
}

@MastersThesis{Chung93,
  author = 	 {J. W. Chung},
  title = 	 {Force field optimisation using coupling theory},
  school = 	 {University of Groningen},
  year = 	 1993
}

@Article{Cieplak90a,
  author =       "P. Cieplak and P. A. Kollman and T. Lybrand",
  title =        "A new water potential including polarization:
                  Application to gas-phase, liquid, and crystal
                  properties of water",
  journal =      BTjcp,
  year =         "1990",
  volume =       "92",
  pages =        "6755-6760",
}

@Article{Clarage94,
  author =       "J. B. Clarage and G. N. {Philips Jr}",
  title =        "Cross-Validation Tests of Time-Averaged Molecular
                 Dynamics Refinements for Determination of Protein
                 Structures by {X}-Ray Crystallography",
  journal =      BTacd,
  year =         "1994",
  volume =       "50",
  pages =        "24--36",
}

@Article{Clore90,
  author = 	 {G. M. Clore and A. Szabo and A. Bax and L. E. Kay
                  and P. C. Driscoll and A. M. Gronenborn},
  title = 	 {Deviations from the simple two-parameter model-free
                  approach to the interpretation of nitrogen-15
                  nuclear magnetic relaxation of proteins},
  journal = 	 BTjacs,
  year = 	 1990,
  volume =	 112,
  pages =	 {4989-4991}
}

@Article{Clore93a,
  author =       "G. M. Clore and A. Bax and M. Ikura and A. M.
                 Gronenborn",
  title =        "Structure of calmodulin-target peptide complexes",
  journal =      BTcosb,
  year =         "1993",
  volume =       "3",
  pages =        "838--845",
}

@Article{Cobos93,
  author =       "J. {Hern{\'a}ndez-Cobos} and I. {Ortega-Blake} and M.
                 {Bonilla-Mar{\'\i}n} and M. {Moreno-Bello}",
  title =        "A refined monte carlo study of aqueous urea
                 solutions",
  journal =      BTjcp,
  year =         "1993",
  volume =       "99",
  pages =        "9122--9134",
}

@Article{Collins96,
  author = 	 {N. Collins and J. L. Flippen-Anderson and
                  R. C. Haaseth and J. R. Deschamps and C. George and
                  K. K{\"o}ver and V. J. Hruby},
  title = 	 {Conformational Determinants of Agonist versus
                  Antagonist Properties of
                  [{D-Pen$^2$},{D-Pen$^5$}]Enkephalin ({DPDPE}) Analogs
                  at Opioid Receptors. Comparison of {X}-ray
                  Crystallographic Structure, Solution $^1${H} {NMR}
                  Data, and Molecular Dynamics Simulations of
                  [{L-Ala$^3$}]{DPDPE} and [{D-Ala$^3$}]{DPDPE}},
  journal = 	 BTjacs,
  year = 	 1996,
  volume =	 118,
  pages =	 {2143-2152}
}

@Article{Cook94,
  author =       "W. J. Cook and L. J. Walter and M. R. Walter",
  title =        "Drug binding by calmodulin: crystal structure of a
                 calmodulin-trifluoperazine complex",
  journal =      BTbioch,
  year =         "1994",
  volume =       "33",
  pages =        "15259",
}

@Article{Creighton94,
  author =       "Thomas E. Creighton",
  title =        "The energetic ups and downs of protein folding",
  journal =      BTnsb,
  year =         "1994",
  volume =       "1",
  pages =        "135--138",
}

@Article{Crivici95,
  author =       "A. Crivici and M. Ikura",
  title =        "Molecular and structural basis of target recognition
                 by calmodulin",
  journal =      BTarbb,
  year =         "1995",
  volume =       "24",
  pages =        "85--116",
}

@Article{DESmith94,
  author =       "D. E. Smith and L. X. Dang",
  title =        "Computer simulations of {N}a{C}l association in
                  polarizable water",
  journal =      BTjcp,
  year =         "1994",
  volume =       "100",
  pages =        "3757-3766"
}

@Article{Daggett92a,
  author =       "Valerie Daggett and Michael Levitt",
  title =        "A model of the molten globule state from molecular
                 dynamics simulations",
  journal =      BTpnas,
  year =         "1992",
  volume =       "89",
  pages =        "5142--5146",
}

@Article{Daggett92b,
  author =       "V. Daggett and M. Levitt",
  title =        "Molceular Dynamics Simulations of Helix Denaturation",
  journal =      BTjmb,
  year =         "1992",
  volume =       "223",
  pages =        "1121--1138",
}

@Article{Daggett93,
  author =       "V. Daggett and M. Levitt",
  title =        "Realistic Simulations of Native-Protein Dynamics",
  journal =      BTarbb,
  year =         "1993",
  volume =       "22",
  pages =        "353--380",
}

@Article{Dang92,
  author =       "L. X. Dang",
  title =        "The nonadditive intermolecular potential for water 
                  revised",
  journal =      BTjcp,
  year =         "1992",
  volume =       "97",
  pages =        "2659-2660",
}

@Article{Darden93,
  author = 	 {T. Darden and D. York and L. Pedersen},
  title = 	 {Particle mesh {E}wald: An {N}-log({N}) method for
                  {E}wald sums in large systems},
  journal = 	 BTjcp,
  year = 	 1993,
  volume =	 98,
  pages =	 {10089-10092}
}

@Article{Das92,
  author =       "Biswadip Das and Subrata Chattopadhyay and Chanchal
                 Das Gupta",
  title =        "Reactivation of denatured fungal glucose 6-phosphate
                 dehydrogenase and {E. } coli alkaline phosphatase with
                 {E. } coli ribosome",
  journal =      BTbbrc,
  year =         "1992",
  volume =       "183",
  pages =        "774--780",
}

@Article{Dasgupta82,
  author =       "R. Dasgupta and P. Kaesberg",
  title =        "Complete nucleotide sequence of the coat protein
                 messenger {RNA}s of brome mosaic virus and cowpea
                 chlorotic mottle virus",
  journal =      "Nucl. Acid. Res.",
  year =         "1982",
  volume =       "10",
  pages =        "703--713",
}

@Article{Dasgupta94,
  author =       "S. Dasgupta and K. A. Smith and W. A. {Goddard III}",
  title =        "Polyoxymethylene: The Hessian Biased Force Field for
                 Molecular Dynamics Simulations",
  journal =      BTjpc,
  year =         "1993",
  volume =       "97",
  number =       "42",
  pages =        "10891--10902",
}

@Article{Daura96,
  author = 	 {X. Daura and B. Oliva and E. Querol and
                  F. X. Avil{\'e}s and O. Tapia},
  title = 	 {On the sensitivity of {MD} trajectories to Changes
                  in Water-Protein Interaction Parameters: The Potato
                  Carboxypeptidase Inhibitor in Water as a Test Case
                  for the {GROMOS} force field},
  journal = 	 BTprot,
  year = 	 1996,
  volume =	 25,
  pages =	 {89-103}
}

@Article{DeBolt93,
  author =       "Stephen E. DeBolt and Peter A. Kollman",
  title =        "{AMBERCUBE} {MD}, Parallelization of {AMBER}'s
                 Molecular Dynamics Module for Distributed-Memory
                 Hypercube Computers",
  journal =      BTjcc,
  year =         "1993",
  volume =       "14",
  pages =        "312--329",
}

@Article{DeMarco78,
  author = 	 {A. De{M}arco and M. Llinas and K. W{\"u}thrich},
  title = 	 {Analysis of the {$^1$H-NMR} Spectra of Ferrichrome
                  Peptides. I. The Non-Amide Proteins},
  journal = 	 BTbiop,
  year = 	 1978,
  volume =	 17,
  pages =	 {617-636}
}

@Article{Degroot96a,
  author =       "B. L. de ~Groot and A. ~Amadei and D. M. F. van ~Aalten
                  and H. J. C. ~Berendsen",
  title =        "Towards an exhaustive sampling of the
                  configurational spaces of the two forms of the
                  peptide hormone guanylin",
  journal =      "J. Biomol. Str. Dyn.",
  year =         "1996",
  volume =       "13",
  number =       "5",
  pages =        "741-751",
}

@Article{Degroot96b,
  author =       {B. L. de ~Groot and A. Amadei and R. M. ~Scheek and
                  N. A. J. van ~Nuland and H. J. C. ~Berendsen},
  title =        {An extended sampling of the configurational space of
                  HPr from {\em{E. coli}}},
  year =         {1996},
  journal =      {PROTEINS: Struct. Funct. Gen.},
  volume =       {26},
  pages =        {314-322},
}

@Article{Dehle95,
  author = 	 {F. J. Dehle and J. W. Finley and P. J. Stephens and
                  M. J. Frisch},
  title = 	 {Ab initio Calculation of Vibrational Absorption and
                  Circular Dichroism Spectra Using Density Functional
                  Force Fields: A Comparison of Local, Nonlocal, and
                  Hybrid Density Functionals},
  journal = 	 BTjpc,
  year = 	 1995,
  volume =	 99,
  pages =	 {16883-16902}
}

@Article{Desmet92,
  author = 	 {J. Desmet and M. de Maeyer and B. Hazes and I. Lasters},
  title = 	 {The dead-end elimination theorem and its use in
                  protein side-chain positioning},
  journal = 	 BTnature,
  year = 	 1992,
  volume =	 356,
  pages =	 {539--542}
}

@InCollection{Desmet94,
  author = 	 {J. Desmet and M. De Mayer and I. Lasters},
  title = 	 {The "Dead-End Elimination" Theorem: A New Approach
                  to the Side-Chain Packing Problem},
  booktitle = 	 {The Protein Folding Problem and Tertiary Structure Prediction},
  publisher =	 {Birkh{\"a}user},
  year =	 1994,
  editor =	 {K. M. {Merz Jr.} and S. M. {Le Grand}},
  address =	 {Boston}
}

@Article{DiCapua90,
  author =       "Frank M. DiCapua and S. Swaminathan and D. L.
                 Beveridge",
  title =        "Theoretical Evidence for destabilization of an
                 {$\alpha$} helix by water insertion: Molecular Dynamics
                 of Hydrated Decaalanine",
  journal =      BTjacs,
  year =         "1990",
  volume =       "112",
  pages =        "6768--6771",
}

@Article{Dill93a,
  author =       "Ken A. Dill and Klaus M. Fiebig and Hue Sun Chan",
  title =        "Cooperativity in protein-folding kinetics",
  journal =      BTpnas,
  year =         "1993",
  volume =       "90",
  pages =        "1942--1946",
}

@Article{Dill93b,
  author = 	 {K. A. Dill},
  title = 	 {Folding proteins: finding a needle in a haystack},
  journal = 	 BTcosb,
  year = 	 1993,
  volume =	 3,
  pages =	 {99-103}
}

@Article{Dios95,
  author =       "A. C. de Dios and J. G. Pearson and E. Oldfield",
  title =        "Secondary and Tertiary Structural Effects on Protein
                 {NMR} Chemical Shifts: An ab Initio Approach",
  journal =      BTsci,
  year =         "1995",
  volume =       "260",
  pages =        "1491--1496",
}

@Article{Dobson94,
  author =       "C. M. Dobson and P. A. Evans and S. E. Radford",
  title =        "Understanding how proteins fold: The Lysozyme story so
                 far",
  journal =      BTtibs,
  year =         "1994",
  volume =       "19",
  pages =        "31--37",
}

@Article{Doi94,
  author = 	 {M. Doi and A. Ishibe and H. Shinozaki and H. Urata
                  and M. Inoue and T. Ishida},
  title = 	 {Conserved and novel structural characteristics of
                  enantiomorphic {L}eu-enkephalin},
  journal = 	 BTijpp,
  year = 	 1994,
  volume =	 43,
  pages =	 {325-331}
}

@Article{Dolinsek94,
  author =       "J. Dolin\v{s}ek and B. Zalar and R. Blinc",
  title =        "{O-D ... O} deuteron intra- and interbond exchange and
                 frequency-dependent order parameter in deuteron glasses
                 studied by two-dimensional exchange {NMR}",
  journal =      BTprb,
  year =         "1994",
  volume =       "50",
  pages =        "805--821",
}

@Book{Drenth94,
  author = 	 {J. Drenth},
  title = 	 {Principles of Protein X-ray Crystallography},
  publisher = 	 {Springer},
  year = 	 1994,
  address =	 {New York}
}

@Article{Drift90,
  author =       "A. C. M. van der Drift and J. M. van Noort and J.
                 Kruse",
  title =        "Catheptic processing of protein antigens: enzymic and
                 molecular aspects",
  journal =      "Seminars in Immunology",
  year =         "1990",
  volume =       "2",
  pages =        "255",
}

@Article{Duffy93a,
  author =       "Erin M. Duffy and Daniel L. Severance and W. L.
                 Jorgensen",
  title =        "Urea: Potential Function, log {P} and Free energy of
                 Hydration",
  journal =      BTisrjc,
  year =         "1993",
  volume =       "33",
  pages =        "323--330",
}

@Article{Duffy93b,
  author =       "E. M. Duffy and P. J. Kwalczyk and W. L. Jorgensen",
  title =        "Do Denaturants interact with aromatica hydrocarbons in
                 water ?",
  journal =      BTjacs,
  year =         "1993",
  volume =       "115",
  pages =        "9271--9275",
}

@Article{Duffy94,
  author =       "Erin M. Duffy and W. L. Jorgensen",
  title =        "Structure and Binding for Complexes of {R}ebek's
                 Acridine Diacid with Pyrazine, Quinoxaline, and
                 Pyridine from Monte Carlo Simulations with an All-Atom
                 Force Field",
  journal =      BTjacs,
  year =         "1994",
  volume =       "116",
  pages =        "6337--6343",
}

@Article{Dyson91,
  author =       "H. J. Dyson and P. E. Wright",
  title =        "Defining Solution Conformations of Small Linear
                 Peptides",
  journal =      BTarbbc,
  year =         "1991",
  volume =       "20",
  pages =        "519--538",
}

@Article{Dyson93,
  author =       "H. Jane Dyson and Peter E. Wright",
  title =        "Peptide conformation and protein folding",
  journal =      BTcosb,
  year =         "1993",
  volume =       "3",
  pages =        "60--65",
}

@Unpublished{Dyson95,
  note =         "According to Jane Dyson, this is not necessary when
                 the samples are not exposed to air, which may be
                 accomplished by keeping them under Argon",
}

@Article{Efimov84,
  author =       "A. V. Efimov",
  title =        "A novel super-secondary structure of proteins and the
                 relation between structure and the amino-acid
                 sequence",
  journal =      BTfebs,
  year =         "1984",
  volume =       "166",
  pages =        "33--38",
}

@Article{Egberts94,
  author =       "E. Egberts and S. J. Marrink and H. J. C. Berendsen",
  title =        "Molecular dynamics simulation of a phospholipid
                 membrane",
  journal =      "Eur. Biophys. J.",
  year =         "1994",
  volume =       "22",
  pages =        "423--436",
}

@Article{Elofsson93,
  author =       "A. Elofsson and L. Nilsson",
  title =        "How Consistent are Molecular Dyanamics Simulations ?",
  journal =      BTjmb,
  year =         "1993",
  volume =       "233",
  pages =        "766--780",
}

@Article{Engels95,
  author = 	 {M. Engels and D. Bashford and M. R. Ghadiri},
  title = 	 {Structure and Dynamics of Self-Assembling Peptide
                  Nanotubes and the Channel-Mediated Water
                  Organization and Self-Diffusion. A Molecular
                  Dynamics Study},
  journal = 	 BTjacs,
  year = 	 1995,
  volume =	 117,
  pages =	 {9151-9158}
}

@Article{Englander92,
  author =       "S. Walter Englander and Leland Mayne",
  title =        "Protein Folding Studied Using Hydrogen-Exchange
                 Labeling and Two-Dimensional {NMR}",
  journal =      BTarbp,
  year =         "1992",
  volume =       "21",
  pages =        "243--265",
}

@Article{Erickson90,
  author =       "J. Erickson and D. J. Neidhart and J. VanDrie and D.
                 J. Kempf and X. C. Wang and D. W. Norbeck and J. C.
                 Plattner and J. W. Rittenhouse and M. Turon and N.
                 Wideburg and W. E. Kohlbrenner and R. Simmer and R.
                 Helfrich and D. A. Paul and M. Knigge",
  title =        "Design, Activity, and 2.8{{\AA}} Crystal Structure of
                 a {C2} Symmetric Inhibitor Complexed to {HIV}-1
                 Protease",
  journal =      BTsci,
  year =         "1990",
  volume =       "249",
  pages =        "527--533",
}

@Article{Eriksson93,
  author = 	 {M. A. L. Eriksson and H. Berglund and T. H{\"a}rd
                  and L. Nilsson},
  title = 	 {A Comparison of {$^{15}$N NMR} Relaxation
                  Measurements With a Molecular Dynamics Simulation:
                  Backbone Dynamics of the Glucocorticod Receptor
                  {DNA}-Binding Domain} ,
  journal = 	 BTprot,
  year = 	 1993,
  volume =	 17,
  pages =	 {375-390}
}

@Book{Ernst87,
  author = 	 {R. R. Ernst and G. Bodenhausen and A. Wokaun},
  title = 	 {Principles of nuclear magnetic resonance in one and two dimensions},
  publisher = 	 {Clarendon Press},
  year = 	 1987,
  address =	 {Oxford}
}

@Article{Essmann95,
  author =       {Ulrich Essmann and Lalith Perera and Max L. Berkowitz and 
                  Tom Darden and Hsing Lee and Lee G. Pedersen},
  title =        {A smooth particle mesh Ewald potential},
  journal =      BTjcp,
  year =         1995,
  volume =       103,
  pages =        {8577-8592}
}

@Article{Ewald21,
  author = 	 {P. P. Ewald},
  title = 	 {Die {B}erechnung optischer und elektrostatischer
                  {G}itterpotentiale},
  journal = 	 {Ann. Phys.},
  year = 	 1921,
  volume =	 64,
  pages =	 {253-287}
}

@InCollection{FSchmid92,
  author = 	 {F. X. Schmid},
  title = 	 {Kinetics of Unfolding and Refolding of Single-Domain
                  Proteins},
  booktitle = 	 {Protein Folding},
  publisher =	 {Freeman},
  year =	 1992,
  editor =	 {T. E. Creighton},
  pages =	 {197-241}
}

@Article{Fedorov92,
  author =       "Alexey N. Fedorov and Bertrand Friguet and Lisa
                 Djavadi-Ohaniance and Yuli B. Alakhov and Michel E.
                 Goldberg",
  title =        "Folding on the Ribosome of {E}scherichia coli
                 Tryptophan Synthase $\beta$ Subunit Nascent Chains
                 Probed with a Conformation-dependent Monoclonal
                 Antibody",
  journal =      BTjmb,
  year =         "1992",
  volume =       "228",
  pages =        "351--358",
}

@Article{Fedorov95,
  author =       "A. N. Fedorov and T. O. Baldwin",
  title =        "Contribution of cotranslational folding to the rate of
                 formation of native protein structure",
  journal =      BTpnas,
  year =         "1995",
  volume =       "92",
  pages =        "1227--1231",
}

@Article{Fennen95,
  author =       "J. Fennen and A. E. Torda and W. F. van Gunsteren",
  title =        "Structure refinement with molecular Dynamics and
                 {B}oltzmann-weighted ensemble",
  journal =      BTjbnmr,
  year =         "1995",
  volume =       "6",
  pages =        "163--170",
}

@Article{Fincham87,
  author =       "D. Fincham",
  title =        "Parallel Computers and Molecular Simulation",
  journal =      BTmsim,
  year =         "1987",
  volume =       "1",
  pages =        "1",
}

@Article{Finn95,
  author =       "B. E. Finn and S. Fors{\'e}n",
  title =        "The evolving model of calmodulin structure, function
                 and activation",
  journal =      BTstr,
  year =         "1995",
  volume =       "3",
  pages =        "7--11",
}

@Article{Finney88,
  author =       "J. L. Finney and J. Turner",
  title =        "Neutron Scattering Studies of Molecular Hydration in
                 Solution",
  journal =      "Electrochimica Acta",
  year =         "1988",
  volume =       "33",
  pages =        "1183",
}

@Article{Fleischhauer94,
  author =       "J. Fleischhauer and J. Groetzinger and B. Kramer and
                 P. Krueger and A. Wollmer and R. W. Woody and E.
                 Zobel",
  title =        "Calculation of the circular dichroism spectrum of
                 cyclo({L}-tyr-{L}-tyr) based on a molecular dynamics
                 simulation",
  journal =      BTbiopc,
  year =         "1994",
  volume =       "49",
  pages =        "141--152",
}

@Article{Fraaije93,
  author = 	 {J. G. E. M. Fraaije},
  title = 	 {Dynamic density functional theory for microphase
                  separation kinetics of block copolymer melts  },
  journal = 	 BTjcp,
  year = 	 1993,
  volume =	 99,
  pages =	 {9202-9212}
}

@Article{Frauenfelder94,
  author = 	 {H. Frauenfelder and P. G. Wolynes},
  title = 	 {Biomolecules: Where the physics of complexity and
                  simplicity meet},
  journal = 	 {Physics Today},
  year = 	 1994,
  volume =	 47,
  pages =	 {58-64}
}

@Article{Friesner96,
  author = 	 {R. A. Friesner and J. R. Gunn},
  title = 	 {Computational Studies of Protein Folding},
  journal = 	 BTarbb,
  year = 	 1996,
  volume =	 25,
  pages =	 {315-342}
}

@Article{Fry85,
  author =       "David C. Fry and Stephen A. Kuby and Albert S.
                 Mildvan",
  title =        "{NMR} studies of the {MgATP} binding site of adenylate
                 kinase and of a 45-residue peptide fragment of the
                 enzyme",
  journal =      BTbioch,
  year =         "1985",
  volume =       "24",
  pages =        "4630--4694",
}

@Article{Fry88,
  author =       "David C. Fry and D. Michael Byler and Heino Susi and
                 Eleanor M. Brown and Stephen A. Kuby and Albert S.
                 Mildvan",
  title =        "Solution Structure of the 45-Residue {MgATP}-Binding
                 Peptide of Adenylate Kinase As Examined by {2D-NMR},
                 {FTIR}, and {CD} Spectroscopy",
  journal =      BTbioch,
  year =         "1988",
  volume =       "27",
  pages =        "3588--3598",
}

@Article{Kortenaar86,
  author =       "P. B. W. ten Kortenaar and J. Kr{\"u}se and M. A.
                 Hemminga and G. I. Tesser",
  title =        "Synthesis of an arginine rich fragment of a viral coat
                 protein using guanidium functions exclusively",
  journal =      BTijpp,
  year =         "1986",
  volume =       "27",
  pages =        "401--413",
}

@Article{Frydman94,
  author = 	 {J. Frydman and E. Nimmesgern and K. Ohtsuka and
                  F. U. Hartl},
  title = 	 {Folding of nascent polypetide chains in a high
                  molecular mass assembly with molecular chaperones},
  journal = 	 BTnature,
  year = 	 1994,
  volume =	 370,
  pages =	 {111--117}
}

@Article{Gabdoulline96a,
  author = 	 {R. R. Gabdoulline and C. Zheng},
  title = 	 {Effects of the cutoff center on the mean potential
                  and pair distribution functions in liquid water},
  journal = 	 BTjcc,
  year = 	 1996,
  volume =	 16,
  pages =	 {1428-1433}
}

@Article{Garbay77,
  author = 	 {C. Garbay-Jaureguiberry and B. P. Roques and
                  R. Oberlin and M. Anteunis and S. Combrisson and
                  J. Y. Lallemand},
  title = 	 {$^1${H} and $^{13}${C} {NMR} Studies of
                  Conformational Behaviour of {L}eu-Enkephalin},
  journal = 	 BTfebs,
  year = 	 1977,
  volume =	 76,
  pages =	 {93-98}
}

@Article{Garcia92,
  author =       "A. E. Garcia",
  title =        "Large-Amplitude Nonlinear Motions in Proteins",
  journal =      BTprl,
  year =         "1992",
  volume =       "68",
  pages =        "2696--2699",
}

@Article{Gauss93,
  author = 	 {J. Gauss},
  title = 	 {Effects of electron correlation in the calculation
                  of nuclear magnetic resonance chemical shifts},
  journal = 	 BTjcp,
  year = 	 1993,
  volume =	 99,
  pages =	 {3629-3643}
}

@Article{Gauss95,
  author = 	 {J. Gauss},
  title = 	 {Accurate Calculation of {NMR} Chemical Shifts},
  journal = 	 BTbbpc,
  year = 	 1995,
  volume =	 99,
  pages =	 {1001-1008}
}

@Article{Gero87,
  author = 	 {I. P. Gerothanassis and T. Karayannis and
                  M. Sakarellis-Daitsiotis and C. Sakarellos and M. Marraud},
  title = 	 {Nitrogen-14 Nuclear Magnetic Resonance of the Amino
                  Terminal Group of {L}eu-Enkephalin in Aqueous Solution},
  journal = 	 BTjmag,
  year = 	 1987,
  volume =	 75,
  pages =	 {513-516}
}

@Article{Gero92,
  author = 	 {I. P. Gerothanassis and N. Birlirakis and
                  T. Karayannis and V. Tsikaris and
                  M. Sakarellos-Daitsiotis and C. Sakarellos and
                  B. Vitous and M. Marraud},
  title = 	 {$^{17}${O} {NMR} and {FT-IR} study of the ionization
                  state of peptides in aprotic solvents},
  journal = 	 BTfebs,
  year = 	 1992,
  volume =	 298,
  pages =	 {188-190}
}

@Article{Gibbs76,
  author =       "N. E. Gibbs and W. G. Poole and P. K. Stockmeyer",
  title =        "An algorithm for reducing the bandwidth and profile of
                 a sparse matrix",
  journal =      "SIAM. Numerical Analysis",
  year =         "1976",
  volume =       "0",
  pages =        "0",
}

@Article{Girg83a,
  author =       "Rainer Girg and Rainer Rudolph and Rainer Jaenicke",
  title =        "The dimeric intermediate on the pathway of
                 reconstitution of lactate dehydrogenase is
                 enzymatically active",
  journal =      BTfebs,
  year =         "1983",
  volume =       "163",
  pages =        "132--135",
}

@Article{Liu95,
  author =       "H. Liu and F. M{\"u}ller-Plathe and W. F. van
                 Gunsteren",
  title =        "A Force Field for Liquid Dimethyl Sulfoxide and Liquid
                 Proporties of Liquid Dimethyl Sulfoxide Calculated
                  Using Molecular Dynamics Simulation",
  journal =      BTjacs,
  year =         "1995",
  volume =       "117",
  pages =        "4363-4366",
}

@Article{Girg83b,
  author =       "Rainer Girg and Rainer Jaenicke and Rainer Rudolph",
  title =        "Dimers of porcine skeletal muscle lactate
                 dehydrogenase produced by limited proteolysis during
                 reassociation are enzymatically active in the presence
                 of stabilizing salt",
  journal =      BTbi,
  year =         "1983",
  volume =       "7",
  pages =        "433--441",
}

@Article{Glasser88,
  author = 	 {L. Glasser and H. A. Scheraga},
  title = 	 {Calculations on Crystal Packing of a Flexible
                  Molecule, {L}eu-Enkephalin},
  journal = 	 BTjmb,
  year = 	 1988,
  volume =	 199,
  pages =	 {513-524}
}

@Article{Go83,
  author = 	 {Nobuhiro G{$\bar{\rm o}$} and T. Noguti and T. Nishikawa},
  title = 	 {Dynamics of a small globular protein in terms of
                  low-frequency vibrational modes},
  journal = 	 BTpnas,
  year = 	 1983,
  volume =	 80,
  pages =	 {3696--3700}
}

@Article{Golic92,
  author =       "S. Goli\v{c} Grdadolnik and J. Mavri and J. Kidri\v{c}
                 and D. Had\v{z}i",
  title =        "Cis-trans isomerism of the amide bond in
                 Et{O}-Ac-{L}-Ala-{L}-Glu",
  journal =      BTjms,
  year =         "1992",
  volume =       "267",
  pages =        "73--78",
}

@Article{Gordon92,
  author = 	 {H. L. Gordon and H. C. Jarrell and A. G. Szabo and
                  K. J. Wills and R. L. Somorjai},
  title = 	 {Molecular Dynamics Simulations of the Conformational
                  Dynamics of Tryptophan},
  journal = 	 BTjpc,
  year = 	 1992,
  volume =	 96,
  pages =	 {1915-1921}
}

@Article{Graaf91a,
  author =       "Marinette van der Graaf and Marcus A. Hemminga",
  title =        "Conformational studies on a peptide representing the
                 {RNA}-binding {N}-terminus of a viral coat protein
                 using circular dichroism and {NMR} spectroscopy",
  journal =      BTejb,
  year =         "1991",
  volume =       "201",
  pages =        "489--494",
}

@Article{Graaf91b,
  author =       "Marinette van der Graaf and Gerard J. A. Kroon and
                 Marcus A. Hemminga",
  title =        "Conformation and Mobility of the {RNA}-binding
                 {N}-Terminal part of the intact coat protein of Cowpea
                 Chlorotic Mottle Virus. {A} Two dimensional {N}uclear
                 {M}agnetice {R}esonance Study",
  journal =      BTjmb,
  year =         "1991",
  volume =       "220",
  pages =        "701--709",
}

@Article{Graaf92,
  author =       "Marinette van der Graaf and Ruud M. Scheek and
                 Catharina C. van der Linden and Marcus A. Hemminga",
  title =        "Conformation of a Pentacosapeptide Representing the
                 {RNA}-binding {N}-Terminus of Cowpea Chlorotic Mottle
                 Virus Coat Protein in the presence of Oligophosphates:
                 {A} Two-Dimensional Proton {N}uclear {M}agnetic
                 {R}esonance and Distance Geometry Study.",
  journal =      BTbioch,
  year =         "1992",
  volume =       "31",
  pages =        "9177--9182",
}

@PhdThesis{Graaf92b,
  author =       "M. van der Graaf",
  title =        "Conformation of the {RNA}-binding {N}-terminus of the
                 coat protein of cowpea chlorotic mottle virus",
  school =       "Wageningen Agricultural University",
  year =         "1992",
  address =      "Wageningen, The Netherlands",
}

@Article{Graham92,
  author = 	 {W. H. Graham and E. S. {Carter II} and R. P. Hicks},
  title = 	 {Conformational Analysis of {M}et-Enkephalin in Both
                  Aqueous Solution and in the Presence of Sodium
                  Dodecyl Sulfate Micelles using Multidimensionl {NMR}
                  and Molecular Modelling},
  journal = 	 BTbiop,
  year = 	 1992,
  volume =	 32,
  pages =	 {1755-1764}
}

@Article{Greengard87,
  author = 	 {L. Greengard and V. Rokhlin},
  title = 	 {A fast algorithm for particle simulation},
  journal = 	 {J. Comp. Phys.},
  year = 	 1987,
  volume =	 73,
  pages =	 {325-348}
}

@Article{Gregory97,
  author = 	 {J. K. Gregory and D. C. Clary and K. Liu and
                  M. G. Brown and R. J. Saykally},
  title = 	 {The water dipole moment in water clusters},
  journal = 	 BTscience,
  year = 	 1997,
  volume =	 275,
  pages =	 {814-817}
}

@Article{Mavri90b,
  author =       "J. Mavri and M. Hodo\v{s}\v{c}ek and D. Had\v{z}i",
  title =        "Ab-initio {SCF} and {M}{\"o}ller-{P}lesset
                 calculations on the hydrogen bond in hydrogen malonate.
                 {E}ffects of neighbour ions and polarizable medium",
  journal =      BTjmst,
  year =         "1990",
  volume =       "209",
  pages =        "421--431",
}

@Article{Gunsteren77,
  author =       "W. F. van Gunsteren and H. J. C. Berendsen",
  title =        "Algorithms for macromolecular dynamics and constraint
                 dynamics",
  journal =      BTmph,
  year =         "1977",
  volume =       "34",
  pages =        "1311--1327",
}

@Article{Gunsteren78,
  author = 	 {W. F. van Gunsteren and H. J. C. Berendsen and
                  J. A. C. Rullmann},
  title = 	 {Inclusion of Reaction Fields in Molecular Dynamics:
                  Application to liquid water},
  journal = 	 {Disc. Faraday Soc.},
  year = 	 1978,
  volume =	 66,
  pages =	 {58-70}
}

@Article{Gunsteren81,
  author = 	 {W. F. van Gunsteren and M. Karplus},
  title = 	 {Effect of constraints, solvent and crystal
                  environment on protein dynamics},
  journal = 	 BTnature,
  year = 	 1981,
  volume =	 293,
  pages =	 {677-678}
}

@Article{Gunsteren88,
  author = 	 {W. F. van Gunsteren and H. J. C. Berendsen},
  title = 	 {A Leap-Frog Algorithm for Stochastic Dynamics},
  journal = 	 BTmsim,
  year = 	 1988,
  volume =	 1,
  pages =	 {173-185}
}

@Article{Gunsteren90,
  author =       "W. F. van Gunsteren and H. J. C. Berendsen",
  title =        "Computer Simulation of Molecular Dynamics:
                 Methodology, Applications, and Perspectives in
                 Chemistry",
  journal =      "Angew. Chem. Int. Ed. Engl.",
  year =         "1990",
  volume =       "29",
  pages =        "992--1023",
}

@Article{Gunsteren92,
  author = 	 {W. F. van Gunsteren and A. E. Mark},
  title = 	 {On the interpretation of biochemical data by
                  molecular dynamics simulation},
  journal = 	 BTejb,
  year = 	 1991,
  volume =	 204,
  pages =	 {947-961}
}

@Article{Gunsteren93,
  author =       "W. F. van Gunsteren",
  title =        "Molecular Dynamics Studies of Proteins",
  journal =      BTcosb,
  year =         "1993",
  volume =       "3",
  pages =        "277--281",
}

@Booklet{Gunsteren94a,
  title = 	 {Molecular Dynamics of Simple Systems},
  author =	 {W. F. van Gunsteren and H. J. C. Berendsen},
  howpublished = {Practicum Handleiding voor MD Practicum},
  address =	 {Nijenborgh 4, 9747 AG, Groningen, The Netherlands},
  year =	 1994
}

@Article{Gupta86,
  author = 	 {G. Gupta and M. H. Sarma and R. H. Sarma and M. M. Dhingra},
  title = 	 {{NOE} data at 500 {MHz} reveal the proximity of
                  phenyl and tyrosine rings in enkephalin},
  journal = 	 BTfebs,
  year = 	 1986,
  volume =	 198,
  pages =	 {245-250}
}

@Article{Hadzi88,
  author =       "D. Had\v{z}i",
  title =        "Proton Transfer in Biological Mechanisms",
  journal =      BTjms,
  year =         "1988",
  volume =       "177",
  pages =        "1--21",
}

@Article{Hadzi90,
  author =       "D. Had\v{z}i and J. Kidri\v{c} and J. Koller and J.
                 Mavri",
  title =        "The role of hydrogen bonding in drug-receptor
                 interactions",
  journal =      BTjms,
  year =         "1990",
  volume =       "237",
  pages =        "139--150",
}

@Article{Halle81,
  author = 	 {B. Halle and H. Wennerstr{\"o}m},
  title = 	 {Interpretation of magnetic resonance data from
                  water nuclei in heterogeneous systems},
  journal = 	 BTjcp,
  year = 	 1981,
  volume =	 75,
  pages =	 {1928-1943}
}

@Article{Meador92,
  author =       "W. E. Meador and A. R. Means and F. A. Quiocho",
  title =        "Target Enzyme Recognition by Calmodulin:
                 2.4 {{\AA}}ngstr{\"o}m Structure of a Calmodulin-Peptide
                 Complex",
  journal =      BTsci,
  year =         "1992",
  volume =       "257",
  pages =        "1251",
}

@Article{Hammes94,
  author =       "S. Hammes-Schiffer and J. C. Tully",
  title =        "Proton Transfer in Solution : Molecular Dynamics with
                 Quantum Transitions",
  journal =      BTjcp,
  year =         "1994",
  volume =       "101",
  pages =        "4657--4667",
}

@Article{Hammes95,
  author =       "S. Hammes-Schiffer and J. C. Tully",
  title =        "Vibrationally Enhanced Proton Transfer",
  journal =      BTjpc,
  year =         "1995",
  volume =       "99",
  pages =        "5793--5797",
}
@Article{Han80,
  author = 	 {S. L. Han and E. R. Stimson and F. R. Maxfield and
                  S. J. Leach and H. A. Scheraga},
  title = 	 {Study of the state of ionization of
                  [{L}eu5]-enkephalin in the crystal and in solution},
  journal = 	 BTijpp,
  year = 	 1980,
  volume =	 16,
  pages =	 {183-190}
}

@Book{Handbook,
  author = 	 {R. C. Weast},
  title = 	 {Handbook of Chemistry and Physics},
  publisher = 	 {CRC Press},
  year = 	 1977,
  address =	 {Cleveland, Ohio}
}

@Book{Hansen90,
  author = 	 {J. P. Hansen and I. R. {McD}onald},
  title = 	 {Theory of Simple Liquids},
  publisher = 	 {Academic Press},
  year = 	 1990,
  address =	 {London, UK},
  edition =	 {Second}
}

@Article{Harb91,
  author =       "V. Harb and J. Mavri and J. Kidri\v{c} and D.
                 Had\v{z}i",
  title =        "Solution Conformation of the Immunomodulator Muramyl
                 Dipeptide: Restrained Molecular Dynamics based on
                 Nuclear Magnetic Resonance Data and Semiempirical {MO}
                 Study",
  journal =      "Croat. Chem. Acta",
  year =         "1991",
  volume =       "64",
  number =       "3",
  pages =        "551--559",
}

@Article{Harrison94,
  author =       "R. W. Harrison and I. T. Weber",
  title =        "Molecular dynamics simulations of {HIV}-1 protease
                 with peptide",
  journal =      BTpeng,
  year =         "1994",
  volume =       "7",
  pages =        "1353--1363",
}

@Article{Hata89,
  author =       "Akiko Hata-Tamaka and Gota Kawai and Kazuhiko Yamasaki
                 and Yutaka Ito and Hiroko Kajiura and Jong-Myung Ha and
                 Tatsuo Miyazawa and Shigeyuki Yokoyama and Susumu
                 Nishimura",
  title =        "Spin-Labeling Proton {NMR} study on aromatic Amino
                 Acid Residues in the Guanine Nucleotide Binding Site of
                 Human c-{Ha}-ras(1-171) protein",
  journal =      BTbioch,
  year =         "1989",
  volume =       "28",
  pages =        "9550--9556",
}

@Article{Hayward92,
  author =       "Steven Hayward and Joan F. Collins",
  title =        "Limits on {$\alpha$}-Helix Prediction With Neural
                 Network Models",
  journal =      BTprot,
  year =         "1992",
  volume =       "14",
  pages =        "372--381",
}

@Article{Hayward93,
  author =       "Steven Hayward and Akio Kitao and Fumio Hirata and
                 Nobuhiro G{$\bar{\rm o}$}",
  title =        "Effect of Solvent on Collective Motions in Globular
                 Proteins",
  journal =      BTjmb,
  year =         "1993",
  volume =       "234",
  pages =        "1207--1217",
}

@Article{Hayward95a,
  author =       "Steven Hayward and Akio Kitao and Nobuhiro G{$\bar{\rm
                 o}$}",
  title =        "Harmonicity and Anharmonicity in Protein Dynamics: {A}
                 Normal Mode Analysis and Principal Component Analysis",
  journal =      BTprot,
  volume =       "23",
  year =         "1995",
  pages =        "177--186",
}

@Article{Hayward95b,
  author =       "Steven Hayward and Nobuhiro G{$\bar{\rm o}$}",
  title =        "Collective Variable Description of Native Protein
                 Dynamics",
  journal =      BTarpc,
  volume =       "46",
  year =         "1995",
  pages =        "223--250",
}

@Article{Heidorn88,
  author =       "D. B. Heidorn and J. Trewhella",
  title =        "Comparison of the Crystal and Solution Structures of
                 Calmodulin and Troponin {C}",
  journal =      BTbioch,
  year =         "1988",
  volume =       "27",
  pages =        "909--915",
}

@Article{Heiner92,
  author =       "A. P. Heiner and H. J. C. Berendsen and W. F. van
                 Gunsteren",
  title =        "{MD} Simulation of Subtilisin {BPN}' in a Crystal
                 Environment",
  journal =      BTprot,
  year =         "1992",
  volume =       "14",
  pages =        "451--464",
}

@Article{Heiner93,
  author =       "A. P. Heiner and H. J. C. Berendsen and W. F. van
                 Gunsteren",
  title =        "Structure Prediction of Subtilisin {BPN}' mutants
                 using molecular dynamics methods",
  journal =      BTpeng,
  year =         "1993",
  volume =       "6",
  pages =        "397--408",
}

@Article{Heller1,
  author =       "H. Heller and H. Grubmuller and K Schulten",
  title =        "Molecular Dynamics Simulation on a Parallel Computer",
  journal =      BTmsim,
  year =         "1989",
  volume =       "0",
  pages =        "000",
}

@Article{Heringa91,
  author =       "J. Heringa and P. Argos",
  title =        "Side-chain Clusters in Protein Structures and Their
                 Role in Protein Folding",
  journal =      BTjmb,
  year =         "1991",
  pages =        "151--171",
}

@Article{Hermans84,
  author = 	 {J. Hermans and H. J. C. Berendsen and W. F. van
                  Gunsteren and J. P. M. Postma},
  title = 	 {A consistent Empirical Potential for Water-Protein
                  interactions},
  journal = 	 BTbiop,
  year = 	 1984,
  volume =	 23,
  pages =	 {1513-1518}
}

@Article{Hermans93,
  author =       "Jan Hermans",
  title =        "Molecular dynamics simulations of helix and turn
                 propensities in model peptides",
  journal =      BTcosb,
  year =         "1993",
  volume =       "3",
  pages =        "270--276",
}

@Article{Higashi79,
  author = 	 {T. Higashijima and J. Kobayashi and T. Miyazawa},
  title = 	 {Nuclear Magnetic Resonance Study on {M}et-enkephalin
                  and {M}et-enkephalinamide},
  journal = 	 BTejb,
  year = 	 1979,
  volume =	 97,
  pages =	 {43-57}
}

@Article{Osapay91,
  author =       "K. {\"O}sapay and D. A. Case",
  title =        "A New Analysis of Proton Chemical Shifts",
  journal =      BTjacs,
  year =         "1991",
  volume =       "113",
  pages =        "9436--9444",
}

@Article{Osapay94a,
  author =       "K. {\"O}sapay and Y. Theriault and P. E. Wright and D.
                 A. Case",
  title =        "Solution Structure of Carbonmonoxy Myoglobin
                 Determined from Nuclear Magnetic Resonance Distance and
                 Chemical Shift Constraints",
  journal =      BTjmb,
  year =         "1994",
  volume =       "244",
  pages =        "183--197",
}

@Article{Osapay94b,
  author =       "K. {\"O}sapay and D. A. Case",
  title =        "Analysis of proton chemical shifts in regular
                 secondary structure of proteins",
  journal =      BTjbnmr,
  year =         "1994",
  volume =       "4",
  pages =        "215--230",
}

@Article{Hinds95,
  author =       "D. A. Hinds and M. Levitt",
  title =        "Simulation of protein-folding pathways: lost in
                 (conformational) space",
  journal =      BTtibtech,
  year =         "1995",
  volume =       "13",
  pages =        "23--27",
}

@Article{Hirst94,
  author =       "J. D. Hirst and C. L. {Brooks III}",
  title =        "Helicity, Circular Dichroism and Molecular Dynamics of
                 Proteins",
  journal =      BTjmb,
  year =         "1994",
  volume =       "243",
  pages =        "173--178",
}

@Article{Hirst95,
  author =       "J. D. Hirst and C. L. {Brooks III}",
  title =        "Molecular Dynamics Simulations of Isolated Helices of
                 Myoglobin",
  journal =      BTbioch,
  year =         "1995",
  volume =       "34",
  pages =        "7614--7621",
}

@Article{Hockney74,
  author =       "R. W. Hockney and S. P. Goel",
  title =        "",
  journal =      BTjcomp,
  year =         "1974",
  volume =       "14",
  pages =        "148",
}

@Book{Hockney81,
  author =       "R. W. Hockney and J. W. Eastwood",
  title =        "Computer simulation using particles",
  publisher =    "McGraw-Hill",
  year =         "1981",
  address =      "New York",
}


@Article{Hoover85,
  author =       "W. G. Hoover",
  title =        "Canonical dynamics: equilibrium phase-space distributions",
  journal =      BTpra,
  year =         "1985",
  volume =       "31",
  pages =        "1695--1697",
}

@Article{Hughes75,
  author = 	 {J. Hughes and T. W. Smith and H. W. Kosterlitz and
                  L. A. Fothergill and B. A. Morgan and H. R. Morris},
  title = 	 {Identification of two related pentapeptides from the
                  brain with potent opiate agonist activity},
  journal = 	 BTnature,
  year = 	 1975,
  volume =	 258,
  pages =	 {577-579}
}

@Article{Hunenberger95,
  author = 	 {P. H. H{\"u}nenberger and A. E. Mark and W. F. van
                  Gunsteren},
  title = 	 {Fluctuation and Cross-correlation Analysis of
                  Protein Motions Observed in Nanosecond Molecular
                  Dynamics Simulations},
  journal = 	 BTjmb,
  year = 	 1995,
  volume =	 252,
  pages =	 {492-503}
}

@Article{Hwang91,
  author =       "J. K. Hwang and Z. T. Chu and A. Warshel",
  title =        "Simulations of Quantum Mechanical Corrections for Rate
                 Constants of Hydride-Transfer Reactions in Enzymes and
                 Solutions",
  journal =      BTjpc,
  year =         "1991",
  volume =       "95",
  pages =        "8445--8448",
}

@Article{IChandra92,
  author = 	 {I. Chandrasekhar and G. M. Clore and A. Szabo and
                  A. M. Gronenborn and B. R. Brooks},
  title = 	 {A 500 ps Molecular Dynamics Simulation Study of
                  Interleukin-1$\beta$ in Water},
  journal = 	 BTjmb,
  year = 	 1992,
  volume =	 226,
  pages =	 {239-250}
}

@Article{Ikura91,
  author =       "M. Ikura and S. Spera and G. Barbato and L. E. Kay and
                 M. Krinks and A. Bax",
  title =        "Secondary Structure and Side-Chain $^1${H} and
                 $^{13}${C} Resonance Assignments of Calmodulin in
                 Solution by Heteronuclear Multidimensional {NMR}
                 Spectroscopy",
  journal =      BTbioch,
  year =         "1991",
  volume =       "30",
  pages =        "9216--9228",
}

@Article{Ikura92a,
  author =       "M. Ikura and G. M. Clore and A. M. Gronenborn and G.
                 Zhu and C. B. Klee and A. Bax",
  title =        "Solution structure of a calmodulin-target peptide
                 complex by multidimensional {NMR}",
  journal =      BTsci,
  year =         "1992",
  volume =       "256",
  pages =        "632",
}

@Article{Ikura96a,
  author = 	 {M. Ikura},
  title = 	 {Calcium binding and conformational response in
                  {EF}-hand proteins},
  journal = 	 BTtibtech,
  year = 	 1996,
  volume =	 21,
  pages =	 {14-17}
}

@Article{Isogai77,
  author = 	 {Y. Isogai and G. Nemethy and H. A. Scheraga},
  title = 	 {Enkephalin: Conformational analysis by means of
                  empirical energy calculations},
  journal = 	 BTpnas,
  year = 	 1977,
  volume =	 74,
  pages =	 {414-418}
}

@Article{Roder88,
  author =       "Heinrich Roder and G{\"u}lner A. El{\"o}ve and S.
                 Walter Englander",
  title =        "Structural characterization of folding intermediates
                 in cytochrome c by {H}-exchange labeling and proton
                 {NMR}",
  journal =      BTnature,
  year =         "1988",
  volume =       "335",
  pages =        "700--704",
}

@Article{Jaenicke91a,
  author =       "Rainer Jaenicke",
  title =        "Protein Stability and Molecular Adaptation to Extreme
                 Condition",
  journal =      BTejb,
  year =         "1991",
  volume =       "202",
  pages =        "715--728",
}


@Article{Jaenicke91b,
  author =       "Rainer Jaenicke",
  title =        "Protein Folding: Local Structures, Domains, Subunits
                 and Assemblies",
  journal =      BTbioch,
  year =         "1991",
  volume =       "30",
  pages =        "3147--3161",
}

@Article{Jaenicke93,
  author =       "R. Jaenicke",
  title =        "What does protein refolding in vitro tell us about
                 protein folding in the cell?",
  journal =      "Phil. Trans. R. Soc. Lond",
  year =         "1993",
  volume =       "339",
  pages =        "287--295",
}

@Article{Jecht94,
  author =       "Monika Jecht and Andrea Tomschy and Kasper Kirschner
                 and Rainer Jaenicke",
  title =        "Autonomous folding of the excised coenzyme-binding
                 domain of an {D}-glyceraldehyde 3-phosphate
                 dehydrogenase from Thermotoga maritima",
  journal =      BTpsci,
  year =         "1994",
  volume =       "3",
  pages =        "411--418",
}

@Article{Jimenez93,
  author =       "M. Angeles Jimenez and Marta Bruix and Carlos Gonzalez
                 and Francisco J. Blanco and Jos{\`e} L. Nieto and
                 Jos{\`e} Herranz and Manuel Rico",
  title =        "{CD} and {$^1$H-NMR} studies on the conformational
                 properties of peptide fragments from the {C}-terminal
                 domain of thermolysin",
  journal =      BTejb,
  year =         "1993",
  volume =       "211",
  pages =        "569--581",
}

@Article{Johnson93,
  author =       "L. N. Johnson and D. Barford",
  title =        "The effect of phosphorylation on the structure and
                 function of proteins",
  journal =      BTarbb,
  year =         "1993",
  volume =       "22",
  pages =        "199--232",
}

@Article{Jonas76,
  author = 	 {J. Jonas and T. {DeF}ries and D. J. Wilbur},
  title = 	 {Molecular Motions in Compressed Liquid Water},
  journal = 	 BTjcp,
  year = 	 1976,
  volume =	 65,
  pages =	 {582-588}
}

@Article{Jordan95,
  author =       "P. C. Jordan and P. J. van Maaren and J. Mavri and D.
                 van der Spoel and H. J. C. Berendsen",
  title =        "Towards Phase Transferable Potential Functions:
                 Methodology and Application to Nitrogen",
  journal =      BTjcp,
  volume =       "103",
  pages =        "2272--2285",
  year =         "1995",
}

@Article{Jorgensen83,
  author =       "W. L. Jorgensen and J. Chandrasekhar and J. D. Madura
                 and R. W. Impey and M. L. Klein",
  title =        "Comparison of simple potential functions for
                 simulating liquid water",
  journal =      BTjcp,
  year =         "1983",
  volume =       "79",
  pages =        "926--935",
}

@Article{Jorgensen88,
  author =       "W. L. Jorgensen and J. Tirado-Rives",
  title =        "The {OPLS} Potential Functions for Proteins. Energy
                 Minimizations for Crystals of Cyclic Peptides and
                 Crambin",
  journal =      BTjacs,
  year =         "1988",
  volume =       "110",
  pages =        "1657--1666",
}

@Article{Jorgensen90,
  author =       "William L. Jorgensen and Daniel L. Severance",
  title =        "Aromatic-Aromatic Interactions: Free Energy Profiles
                 for the Benzene Dimer in Water, Chloroform and Liquid
                 Benzene",
  journal =      BTjacs,
  year =         "1990",
  volume =       "112",
  pages =        "4768--4774",
}

@Article{Schmidt93,
  author =       "J{\"u}rgen M. Schmidt and Rafael Br{\"u}schweiler and
                 Richard R. Ernst and Roland L. {Dunbrack Jr. } and
                 Diane Joseph and Martin Karplus",
  title =        "Molecular Dynamics simulation of the proline
                 conformational equilibrium and Dynamics in Antamanide
                 using the {CHARMM} force field",
  journal =      BTjacs,
  year =         "1993",
  pages =        "8747--8756",
}

@Article{Kaatze89,
  author =       "Udo Kaatze",
  title =        "Complex Permittivity of Water as a Function of
                  Frequency and Temperature",
  journal =      BTjced,
  year =         "1989",
  volume =       "34",
  OPTnumber =    "",
  pages =        "371-374",
  OPTmonth =     "",
  OPTremark =	 "Water 
                  T (C) \epsilon(0)  \epsilon(\infty) \tau(ps)
                  20     80.21+/-0.2   5.6+/-0.2      9.36+/-0.05
                  25     78.36+/-0.05  5.2+/-0.1      8.27+/-0.02
                  30     76.56+/-0.2   5.2+/-0.4      7.28+/-0.05",
  OPTfolder =    "Dielectric relaxation",
}

@Article{Kaatze93,
  author =       "U. Kaatze",
  title =        "Dielectric relaxation of {$H_2O/D_2O$} mixtures",
  journal =      BTcpl,
  year =         "1993",
  volume =       "203",
  OPTnumber =    "1",
  pages =        "1-4",
  OPTmonth =     "",
  OPTremark =	 "For water same as kaatze89, more info on heavy water",
  OPTfolder =    "Dielectric relaxation",
}

@Article{Kabsch83,
  author =       "W. Kabsch and C. Sander",
  title =        "Dictionary of Protein Secondary Structure: Pattern
                 Recognition of Hydrogen-Bonded and Geometrical
                 Features",
  journal =      BTbiop,
  year =         "1983",
  volume =       "22",
  pages =        "2577--2637",
}

@Article{Kalk76,
  author = 	 {A. Kalk and H. J. C. Berendsen},
  title = 	 {Proton Magnetic Relaxation and Spin Diffusion in Proteins},
  journal = 	 BTjmag,
  year = 	 1976,
  volume =	 24,
  pages =	 {343-366}
}

@Article{Kaminski94,
  author =       "George Kaminski and Erin M. Duffy and Tooru Matsui and
                 William L. Jorgensen",
  title =        "Free Energies of Hydration and Pure Liquid Properties
                 of Hydrocarbons from the {OPLS} All-Atom Model",
  journal =      BTjpc,
  year =         "1994",
  volume =       "98",
  pages =        "13077--13082",
}

@Article{Karoslaw92,
  author = 	 {J. Karoslaw and H. A. Scheraga},
  title = 	 {Application of the diffusion equation method for
                  global optimization to oligopeptides},
  journal = 	 BTjpc,
  year = 	 1992,
  volume =	 96,
  pages =	 {7442-7449}
}

@Article{Karpeisky92,
  author =       "M. Ya. Karpeisky and V. A. Ilyin",
  title =        "Analysis of Non-polar Regions in Proteins",
  journal =      BTjmb,
  year =         "1992",
  volume =       "224",
  pages =        "629--638",
}

@Article{Karplus59,
  author = 	 {M. Karplus},
  title = 	 {Contact Electron-Spin Coupling of Nuclear Magnetic Moments},
  journal = 	 BTjcp,
  year = 	 1959,
  volume =	 30,
  pages =	 {11-15}
}

@InCollection{Karplus92,
  author = 	 {M. Karplus and E. Shakhnovich},
  title = 	 {Protein Folding: Theoretical Studies of
                  Thermodynamics and Dynamics},
  booktitle = 	 {Protein Folding},
  publisher =	 {Freeman},
  year =	 1992,
  editor =	 {T. E. Creighton},
  pages =	 {127--196}
}

@Article{Kataoka96,
  author = 	 {M. Kataoka and A. Persechini and F. Tokunaga and
                  R. H. Kretsinger},
  title = 	 {The linker of Calmodulin Lacking {G}lu84 is
                  elongated in Solution, Although it is bent in the Crystal},
  journal = 	 BTprot,
  year = 	 1996,
  volume =	 25,
  pages =	 {335-341}
}

@Article{Kazmirski95,
  author =       "S. L. Kazmirski and D. O. V. Alonso and F. E. Cohen
                 and S. B. Prusiner and V. Daggett",
  title =        "Theoretical Studies of sequence effects on the
                 conformational properties of a fragment of the prion
                 protein: implications for scrapie formation",
  journal =      BTcb,
  year =         "1995",
  volume =       "2",
  pages =        "305--315",
}

@Article{Kearly94,
  author =       "G. J. Kearly and F. Fillaux and M. H. Baron and S.
                 Bennington and J. Tomkinson",
  title =        "A New look at Proton Transfer Dynamics Along the
                 Hydrogen Bonds in Amides and Peptides",
  journal =      BTsci,
  year =         "1994",
  volume =       "264",
  pages =        "1285--1289",
}

@Article{Kell75,
  author = 	 {G. S. Kell},
  title = 	 {Density, Thermal Exapnsivity, and Compressibility of
                  Liquid Water from 0{$^o$} to 150{$^o$C}:
                  Correlations and Tables for atmospheric pressure and
                  saturation reviewed and expressed on 1968
                  temperature scale},
  journal = 	 {J. Chem. Eng. Data},
  year = 	 1975,
  volume =	 20,
  pages =	 {97-105}
}

@Article{Kemmink93a,
  author =       "Johan Kemmink and Carlo P. M. van Mierlo and Ruud M.
                 Scheek and Thomas E. Creighton",
  title =        "Local Structure Due to an Aromatic-Amide Interaction
                 Observed by {$^1$H}-Nuclear Magnetic Resonance
                 Spectroscopy in Peptides Related to the {N} Terminus of
                 Bovine Pancreatic Trypsin Inhibitor",
  journal =      BTjmb,
  year =         "1993",
  volume =       "230",
  pages =        "312--322",
}

@Article{Kemmink93b,
  author =       "Johan Kemmink and Thomas E. Creighton",
  title =        "Local Conformation of Peptides Representing the Entire
                 Sequence of Bovine Pancreatic Trypsin Inhibitor and
                 Their Roles in Folding",
  journal =      BTjmb,
  year =         "1993",
  volume =       "234",
  pages =        "861--878",
}

@Article{Kemmink95a,
  author =       "J. Kemmink and T. E. Creighton",
  title =        "The physical properties of local interactions of
                 Tyrosine residues in peptides and unfolded proteins",
  journal =      BTjmb,
  year =         "1995",
  volume =       "245",
  pages =        "251--260",
}

@Article{Kemmink95b,
  author = 	 {J. Kemmink and R. M. Scheek},
  title = 	 {Dynamic Modelling of a helical peptide in solution
                  using {NMR} data: Multiple conformations and
                  multi-spin effects},
  journal = 	 BTjbnmr,
  year = 	 1995,
  volume =	 6,
  pages =	 {33-40}
}

@Article{Khaled77,
  title = 	 {Conformational States of Enkephalins in Solution},
  author = 	 {M. A. Khaled and M. M. Long and W. D. Thompson and
                  R. J. Bradley and G. B. Brown and D. W. Urry},
  journal = 	 BTbbrc,
  year = 	 1977,
  volume =	 76,
  pages =	 {224-231}
}

@Article{Kidric90,
  author =       "J. Kidri\v{c} and J. Mavri and M. Podobnik and D.
                 Had\v{z}i",
  title =        "Intramolecular hydrogen bonding in acid malonates.
                 Infrared {NMR} and ab initio {MO} investigations",
  journal =      BTjms,
  year =         "1990",
  volume =       "237",
  pages =        "265--271",
}

@Article{Kim84,
  author =       "Peter S. Kim and Robert L. Baldwin",
  title =        "A helix stop signal in the isolated {S}-Peptide of
                 Ribonuclease {A}",
  journal =      BTnature,
  year =         "1984",
  volume =       "307",
  pages =        "329--334",
}

@Article{Kim90,
  author =       "Peter S. Kim and Robert L. Baldwin",
  title =        "Intermediates in the folding reactions of small
                 proteins",
  journal =      BTarbc,
  year =         "1990",
  volume =       "60",
  pages =        "631--660",
}

@Article{Kindt96,
  author =       "J. T. Kindt and C. A. Schmuttenmaer",
  title =        "Far-{I}nfrared Dielectric Properties of Polar
                  Liquids Probed by Femtoseconf Terahertz Pulse Spectroscopy",
  journal =      BTjpc,
  year =         "1996",
  volume =       "100",
  OPTnumber =    "24",
  pages =        "10373-10379",
  OPTmonth =     "",
  OPTremark =	 "Water ?? C.
                  \epsilon_s = 78.36, \tau_1 = 8.24ps, \epsilon_infty = 3.48
                  \epsilon_2 = 4.93, \tau_2 = 0.18ps",
  OPTfolder =    "Dielectric relaxation",
}

@Unpublished{King93,
  author =       "Paul M. King and Alan E. Mark and W. F. van
                 Gunsteren",
  title =        "Re-Parameterization of Aromatic Interactions in the
                 {GROMOS} Force-Field",
  note =         "Private Communication",
  year =         "1993"
}

@Article{Kini94,
  author =       "R. M. Kini and H. J. Evans",
  title =        "Comparison of Protein Models Minimized by the All-Atom
                 and United Atom Models in the {AMBER} Force Field:
                 Correlation of {RMS} deviation with the
                 Crystallographic {R} Factor and Size",
  journal =      BTjbsd,
  year =         "1992",
  volume =       "10",
  number =       "2",
  pages =        "265--279",
}

@Article{Kirshenbaum95a,
  author =       "K. Kirshenbaum and V. Daggett",
  title =        "{pH}-Dependent Conformations of the Amyloid
                 {$\beta$}(1-28) Peptide Fragment Explored Using
                 Molecular Dynamics",
  journal =      BTbioch,
  year =         "1995",
  volume =       "34",
  pages =        "7629--7639",
}

@Article{Kirshenbaum95b,
  author =       "K. Kirshenbaum and V. Daggett",
  title =        "Sequence Effects on the Conformational Properties of
                 the Amyloid {$\beta$}(1-28) Peptide: Testing a Proposed
                 Mechanism for tha {$\alpha \rightarrow \beta$}
                 Transition",
  journal =      BTbioch,
  year =         "1995",
  volume =       "34",
  pages =        "7640--7647",
}

@Article{Kitao91a,
  author =       "Akio Kitao and Nobuhiro G{$\bar{\rm o}$}",
  title =        "Conformational Dynamics of Polypeptides and Proteins
                 in the Dihedral Angle Space and in the Cartesian
                 Coordinate Space: Normal Mode Analysis of
                 Deca-Alanine",
  journal =      BTjcc,
  year =         "1991",
  volume =       "12",
  pages =        "359--368",
}

@Article{Kitao91b,
  author =       "Akio Kitao and Fumio Hirata and Nobuhiro G{$\bar{\rm
                 o}$}",
  title =        "The effects of solvent on the conformation and the
                 collective motions of protein: normal mode analysis and
                 molecular dynamics simulations of mellitin in water and
                 in vacuum",
  journal =      BTcp,
  year =         "1991",
  volume =       "158",
  pages =        "447--472",
}

@Article{Kneller90,
  author =       "D. G. Kneller and F. E. Cohen and R. Langridge",
  title =        "Improvements in Protein Secondary Structure Prediction
                 by an Enhanced Neural Network",
  journal =      BTjmb,
  year =         "1990",
  volume =       "214",
  pages =        "171--182",
}

@Article{Kordel92,
  author = 	 {J. K{\"o}rdel and O. Telemann},
  title = 	 {Backbone Dynamics of Calbindin {D$_{9K}$}:
                  Comparison of Molecular Dynamics Simulations and
                  {$^{15}$N NMR} Relaxation Measurements},
  journal = 	 BTjacs,
  year = 	 1992,
  volume =	 114,
  pages =	 {4934-4936}
}

@Article{Kovacs95,
  author =       "H. Kovacs and A. E. Mark and J. Johansson and W. F.
                 van Gunsteren",
  title =        "The effect of environment on the stability of an
                 integral membrane helix: Molecular Dynamics Simulations
                 of Surfactant Protein {C} in Chloroform, Methanol and
                 Water",
  journal =      BTjmb,
  year =         "1995",
  volume =       "247",
  pages =        "808--822",
}

@Article{Krash89,
  author =       "I. A. Krasheninnikov and A. A. Komar and I. A.
                 Adzhubei",
  title =        "Frequencies of Utilization of Codons in m{RNA} and
                 Coding of the Domain Structure of Proteins",
  journal =      "Dokl. Akad. Nauk. SSSR",
  year =         "1989",
  volume =       "305",
  pages =        "1006--1012",
}

@Article{Kraulis91,
  author =       "Per J. Kraulis",
  title =        "{MOLSCRIPT:} a program to produce both detailed and
                 schematic plots of protein structures",
  journal =      "J. Appl. Cryst.",
  year =         "1991",
  volume =       "24",
  pages =        "946--950",
}

@Article{Kretsinger92,
  author =       "R. H. Kretsinger and S. Raghunathan and R. J.
                 Chandross and A. Persechini",
  title =        "The linker of des-{Glu84} calmodulin is bent as seen
                 in the crystal structure",
  journal =      BTbj,
  year =         "1992",
  volume =       "61",
  pages =        "403",
}

@Article{Krynicki78,
  author = 	 {K. Krynicki and C. D. Green and D. W. Sawyer},
  title = 	 {Pressure and Temperature Dependence of
                  Self-diffusion in Water},
  journal = 	 {Disc. Faraday Soc.},
  year = 	 1978,
  volume =	 66,
  pages =	 {199-208}
}

@Article{Kuboniwa95,
  author =       "H. Kuboniwa and N. Tjandra and S. Grzesiek and H. Ren
                 and C. B. Klee and A. Bax",
  title =        "Solution structure of calcium-free calmodulin",
  journal =      BTnsb,
  year =         "1995",
  volume =       "2",
  pages =        "768--776",
}

@Article{Kungl94,
  author = 	 {A. J. Kungl and M. Breitenbach and H. F. Kauffmann},
  title = 	 {Molecular Dynanamics simulation of the rare amino
                  acid {LL}-dityrosine and dityrosine-containing
                  peptide: comparison with time resolved fluorescence},
  journal = 	 BTbba,
  year = 	 1994,
  volume =	 1201,
  pages =	 {345-352}
}

@Article{Kusalik91,
  author = 	 {P. G. Kusalik},
  title = 	 {On the computer simulation of highly polar fluids
                  using large systems},
  journal = 	 BTmph,
  year = 	 1991,
  volume =	 73,
  pages =	 {1349-1363}
}

@Article{Kuszewski95a,
  author = 	 {J. Kuszewski and J. Qin and A. M. Gronenborn and
                  G. M. Clore},
  title = 	 {The impact of direct refinement against
                  {$^{13}$C$^{\alpha}$} and {$^{13}$C$^{\beta}$}
                  chemical shifts on protein structure determination
                  by {NMR}},
  journal = 	 BTjmagb,
  year = 	 1995,
  volume =	 106,
  pages =	 {92-96}
}

@Article{Kuszewski95b,
  author = 	 {J. Kuszewski and A. M. Gronenborn and
                  G. M. Clore},
  title = 	 {The impact of direct refinement against proton
                  chemical shifts on protein structure determination 
                  by {NMR}},
  journal = 	 BTjmagb,
  year = 	 1995,
  volume =	 107,
  pages =	 {293-297}
}

@Article{Kuwajima89,
  author =       "Kunihiro Kuwajima",
  title =        "The molten globule state as a clue for understanding
                 the folding and cooperativity of globular-protein
                 structure",
  journal =      BTprot,
  year =         "1989",
  volume =       "6",
  pages =        "87--103",
}

@Article{LSmith91,
  author = 	 {L. J. Smith and M. J. Sutcliffe and C. Redfield and
                  C. M. Dobson},
  title = 	 {Analysis of $\phi$ and $\chi_1$ torsion angles for
                  Hen lysozyme in Solution from {$^1$H NMR} Spin-Spin
                  Coupling Constants},
  journal = 	 BTbioch,
  year = 	 1991,
  volume =	 30,
  pages =	 {986-996}
}

@Article{LSmith95,
  author =       "L. J. Smith and A. E. Mark and C. M. Dobsson and W. F.
                 van Gunsteren",
  title =        "Comparison of {MD} simulations and {NMR} experiments
                 for hen lysozyme. Analysis of local fluctuations,
                 cooperative motions and global changes",
  journal =      BTbioch,
  year =         "1995",
  volume =       34,
  pages =        "10918--10931" 
}

@Article{LSmith96,
  author = 	 {L. J. Smith and K. A. Bolin and H. Schwalbe and
                  M. W. Mac{A}rthur and J. M. Thornton and C. M. Dobson},
  title = 	 {Analysis of Main Chain Torsion Angles in Proteins:
                  Prediction of {NMR} Coupling Constants for Native
                  and Random Coil Conformations},
  journal = 	 BTjmb,
  year = 	 1996,
  volume =	 255,
  pages =	 {494-506}
}

@Article{LWang95a,
  author = 	 {L. Wang and J. Hermans},
  title = 	 {Reaction Field Molecular Dynamics Simulation with
                  {F}riedman's Image Charge Method},
  journal = 	 BTjpc,
  year = 	 1995,
  volume =	 99,
  pages =	 {12001-12007}
}

@Article{Lankhorst82,
  author =       "D. Lankhorst and J. Schreiver and J. C. Leyte",
  title = 	 {Determination of the Rotational Correlation Time of
                  Water by Proton {NMR} Relaxation in {H$_2~^{17}$O}
                  and Some Related Results},
  journal =      BTbbpc,
  year =         "1982",
  volume =       "86",
  OPTnumber =    "",
  pages =        "215-221",
  OPTmonth =     "",
  OPTremark =	 "Water, 25 C
                  \tau_r = 2.44 (r_{OH}=0.101 nm, ice), 
                  \tau_r = 1.71 (r_{OH}=0.0958 nm, gas)",
  OPTfolder =    "NMR",
}

@Article{Lathrop96,
  author = 	 {R. H. Lathrop and T. F. Smith},
  title = 	 {Global Optimum Protein Threading with Gapped
                  Alignment and Empirical Pair Score Functions},
  journal = 	 BTjmb,
  year = 	 1996,
  volume =	 255,
  pages =	 {641-666}
}

@Article{Lee82,
  author =       "W. K. Lee and E. W. Prohofsky",
  title =        "A molecular dynamics study of the solvation of a
                 sodium ion bound to dihydrogen phosphate ion",
  journal =      BTcpl,
  year =         "1982",
  volume =       "85",
  pages =        "98--102",
}

@Article{Lee88,
  author =       "C. Lee and W. Yang and R. G. Parr",
  title =        "Development of the Colle-Salvetti correlation-energy
                 formula into a functional of the electron density",
  journal =      BTprb,
  year =         "1988",
  volume =       "37",
  pages =        "785--789",
}

@Article{Levinthal68,
  author = 	 {C. Levinthal},
  title = 	 {Are there pathways for protein folding ?},
  journal = 	 {J. Chim. Phys.},
  year = 	 1968,
  volume =	 65,
  pages =	 {44-45}
}

@Article{Levitt75,
  author = 	 {M. Levitt and A. Warshel},
  title = 	 {Computer simulation of protein folding},
  journal = 	 BTnature,
  year = 	 1975,
  volume =	 253,
  pages =	 {694-698}
}

@Article{Levitt76,
  author =       "Michael Levitt and Cyrus Chothia",
  title =        "Structural Patterns in Globular Proteins",
  journal =      BTnature,
  year =         "1976",
  volume =       "261",
  pages =        "552--558",
}

@Article{Levitt83,
  author = 	 {M. Levitt and C. Sander and P. S. Stern},
  title = 	 {The normal modes of a Protein: Native Bovine
                  pancreatic trypsin inhibitor},
  journal = 	 BTpnas,
  year = 	 1983,
  volume =	 10,
  pages =	 {181--199}
}

@Article{Li87,
  author = 	 {Z. Li and H. A. Scheraga},
  title = 	 {Monte Carlo-minimization approach to the multiple
                  minima problem in protein folding},
  journal = 	 BTpnas,
  year = 	 1987,
  volume =	 84,
  pages =	 {6611-6615}
}

@Article{Lins95,
  author =       "L. Lins and R. Brasseur",
  title =        "The Hydrophobic Effect in Protein Folding",
  journal =      "FASEB J.",
  year =         "1995",
  volume =       "9",
  pages =        "535--540",
}

@Article{Lipari82a,
  author = 	 {G. Lipari and A. Szabo and R. M. Levy},
  title = 	 {Protein Dynamics and {NMR} relaxation: comparison of
                  simulations with experiment},
  journal = 	 BTnature,
  year = 	 1982,
  volume =	 300,
  pages =	 {197-198}
}

@Article{Lipari82b,
  author = 	 {G. Lipari and A. Szabo},
  title = 	 {Model-Free Approach to the Interpretation of Nuclear
                  Magnetic Resonance Relaxation in
                  Macromolecules. 1. Theory and Range of Validity},
  journal = 	 BTjacs,
  year = 	 1982,
  volume =	 104,
  pages =	 {4546-4559}
}

@Article{Liu92,
  author = 	 {Z-P. Liu and L. M. Gierasch},
  title = 	 {Combined Use of Molecular Dynamics Simulations and
                  {NMR} to Explore Peptide Bond Isomerization and
                  Multiple Intramolecular Hydrogen-Bonding
                  Possibilites in a Cyclic pentapeptide,
                  cyclo(Gly-Pro-{D}-Phe-Gly-Val)},
  journal = 	 BTbiop,
  year = 	 1992,
  volume =	 32,
  pages =	 {1727-1739}
}

@Article{Loof92,
  author =       "Hans de Loof and Lennart Nilsson and Rudolf Rigler",
  title =        "Molecular Dynamics Simulations of Galanin in Aqueous
                 and Nonaqueous Solution",
  journal =      BTjacs,
  year =         "1992",
  volume =       "114",
  pages =        "4028--4035",
}

@Article{Ludvigsen91,
  author = 	 {S. Ludvigsen and K. V. Andersen and F. M. Poulsen},
  title = 	 {Accurate Measurements of Coupling Constants from
                  Two-dimensional Nuclear Magnetic Resonance Spectra
                  of Proteins and Determination of $\phi$-Angles},
  journal = 	 BTjmb,
  year = 	 1991,
  volume =	 217,
  pages =	 {731-736}
}

@Article{Ludwig95,
  author =       "R. Ludwig",
  title =        "{NMR} relaxation studies in water-alcohol mixtures:
                  the water-rich region",
  journal =      BTcp,
  year =         "1995",
  volume =       "195",
  OPTnumber =    "",
  pages =        "329-337",
  OPTmonth =     "",
  OPTremark =	 "Rotational correlation time of the OH group from NMR
                  at 298 K. \tau_c = 1.95 ps",
  OPTfolder =    "NMR",
}

@Article{Luty94,
  author =       "Brock A. Luty and Malcolm E. Davies and Ilario G.
                 Tironi and Wilfred F. van Gunsteren",
  title =        "A Comparison of Particle-Particle, Particle-Mesh and
                 Ewald Methods for Calculating Electrostatic
                 Interactions in Periodic Molecular Systems",
  journal =      BTMsim,
  year =         "1994",
  volume =       "14",
  pages =        "11--20",
}

@Article{Luty95a,
  author =       "Brock A. Luty and Ilario G. Tironi and Wilfred F. van
                 Gunsteren",
  title =        "Lattice-sum methods for calculating electrostatic
                 interactions in molecular simulations",
  journal =      BTjcp,
  year =         "1995",
  volume =       "103",
  pages =        "3014--3021",
}

@Article{Luty96a,
  author =       "Brock A. Luty and Wilfred F. van Gunsteren",
  title =        "Calculating Electrostatic Interactions using the
                 Particle-Particle, Particle-Mesh Method with
                 Non-Periodic Long-Range Interactions",
  journal =      BTjpc,
  year =         "1996",
  volume =       "",
  pages =        "",
}

@Article{MBuck95a,
  author = 	 {M. Buck and J. Boyd and C. Redfield and
                  D. A. Mac{K}enzie and D. J. Jeenes and D. B. Archer
                  and C. M. Dobson},
  title = 	 {Structural Determinants of Protein Dynamics:
                  Analysis of {$^{15}$N NMR} Relaxation Measurements
                  for Main-Chain and Side-Chain Nuclei of Hen Egg
                  White Lysozyme},
  journal = 	 BTbioch,
  year = 	 1995,
  volume =	 34,
  pages =	 {4041-4055}
}

@Article{Maarel85,
  author =       "J. R. C. van der Maarel and D. Lankhorst and J. de
                  Bleijser and J. C. Leyte",
  title =        "On the single-molecule dynamics of water from
                  proton, deuterium and oxygen-17 nuclear magnetic relaxation",
  journal =      BTcpl,
  year =         "1985",
  volume =       "122",
  OPTnumber =    "6",
  pages =        "541-544",
  OPTmonth =     "",
  OPTremark =	 "Water, 298 K
                  \tau_{OH} = 1.95+/-0.08 ps, \tau_O = 1.96+/-0.11 ps,
                  r_{OH}=0.98 A",
  OPTfolder =    "NMR",
}

@Article{Macura80,
  author = 	 {S. Macura and R. R. Ernst},
  title = 	 {Elucidation of cross relaxation in liquids by
                  two-dimensional {NMR} spectroscopy},
  journal = 	 BTmph,
  year = 	 1980,
  volume =	 41,
  pages =	 {95-117}
}

@Article{Manning89,
  author = 	 {M. C. Manning and R. W. Woody},
  title = 	 {Theoretical Study of the Contribution of Aromatic
                  Side Chains to the Circular Dichroism of Basic
                  Bovine Pancreatic Trypsin Inhibitor},
  journal = 	 BTbioch,
  year = 	 1989,
  volume =	 28,
  pages =	 {8609-8613}
}

@Article{Manning91,
  author = 	 {M. C. Manning and R. W. Woody},
  title = 	 {Theoretical {CD} Studies of Polypeptide Helices:
                  Examination of Important Electronic and Geometric Factors},
  journal = 	 BTbiop,
  year = 	 1991,
  volume =	 31,
  pages =	 {569-586}
}

@Article{Marconi95,
  author = 	 {G. Marconi and S. Monti and B. Mayer and G. K{\"o}hler},
  title = 	 {Cicular Dichroism of Methylated Phenols Included in
                  $\beta$-Cyclodextrin. An Experimental and
                  Theoretical Study},
  journal = 	 BTjpc,
  year = 	 1995,
  volume =	 99,
  pages =	 {3943-3950}
}

@Article{Mark92,
  author =       "Alan E. Mark and Wilfred F. van Gunsteren",
  title =        "Simulation of the thermal denaturation of Hen Egg
                 White Lysozym: Trapping the molten globule state",
  journal =      BTbioch,
  year =         "1992",
  volume =       "31",
  pages =        "7745--7748",
}

@Article{Mark94,
  author =       "Alan E. Mark and Steven P. van Helden and Paul E.
                 Smith and Lambert H. M. Janssen and Wilfred F. van
                 Gunsteren",
  title =        "Convergence properties of free energy calculations:
                 $\alpha$-Cyclodextrin complexes as a case study",
  journal =      BTjacs,
  year =         "1994",
  volume =       "116",
  pages =        "6293--6302",
}

@Article{Marlow93,
  author =       "G. E. Marlow and J. S. Perkyns and B. M. Pettitt",
  title =        "Salt Effects in Peptide Solutions: Theory and
                 Simulation",
  journal =      BTcr,
  year =         "1993",
  volume =       "93",
  pages =        "2503--2521",
}

@Article{Marrink93a,
  author =       "S. J. Marrink and M. Berkowitz and H. J. C.
                 Berendsen",
  title =        "Molecular dynamics simulation of a membrane water
                 interface: origin of the hydration forces",
  journal =      "Langmuir",
  year =         "1993",
  volume =       "9",
  pages =        "3122--3131",
}

@Manual{Marrink93b,
  author =       "Siewert Jan Marrink and Herman J. C. Berendsen",
  title =        "Video: the real face of membranes (1993)",
  address =      "BIOMOS bv. Nij\-enborgh 4, 9747 AG Groningen, the
                 Netherlands",
  organization = "A copy of this video (VHS, PAL or NTSC) can be
                 obtained for 40 US\$",
}

@Article{Marrink94a,
  author =       "S. J. Marrink and H. J. C. Berendsen",
  title =        "Simulation of Water Transport through a Lipid
                 Membrane",
  journal =      BTjpc,
  year =         "1994",
  volume =       "98",
  pages =        "4155--4168",
}

@PhdThesis{Marrink94b,
  author =       "S. J. Marrink",
  title =        "Permeation of small molecules across lipid membranes.
                 {A} molecular dynamics study",
  school =       "University of Groningen, the Netherlands",
  year =         "1994",
}

@Article{Mavri89,
  author =       "J. Mavri and F. Avbelj and D. Had\v{z}i",
  title =        "Conformation of {N}-acetyl-{L}-Pro-{D}-Ala-{N}'-methyl
                 tripeptide empirical, semi-empirical {MO} and ab-initio
                 {MO} calculations",
  journal =      BTjmst,
  year =         "1989",
  volume =       "187",
  pages =        "307--315",
}

@Article{Mavri90a,
  author =       "J. Mavri and D. Had\v{z}i",
  title =        "Tautomerism, protonation, and interaction with
                 formiate, of phenyliminoimidazoline and
                 benzylimidazolidine. {AM1} and ab-initio 4-31{G}
                 calculations",
  journal =      BTjmst,
  year =         "1990",
  volume =       "224",
  pages =        "285--296",
}

@Article{Mavri91,
  author =       "J. Mavri and D. Had\v{z}i",
  title =        "Ab initio calculations on structure and hydrogen
                 bonding in hydrogen diformate using various basis
                 sets",
  journal =      "J. Mol. Struct. (THEOCHEM)",
  year =         "1991",
  volume =       "235",
  pages =        "57--65",
}

@InCollection{Mavri92a,
  author =       "J. Mavri and D. Had\v{z}i",
  booktitle =    "Proton Transfer in Hydrogen-Bonded Systems",
  title =        "Interactions between acetic acid and methylamine in
                 water. Molecular dynamics and ab initio {MO} studies",
  publisher =    "Elsevier Science Publishers",
  year =         "1992",
  editor =       "T. Bountis",
  series =       "NATO ASI",
  address =      "Amsterdam",
}

@Article{Mavri92b,
  author =       "J. Mavri and D. Had\v{z}i",
  title =        "Proton transfer between acetic acid and methylamine in
                 aqueous solution. Ab-initio and {MD} study of free
                 energies of hydration",
  journal =      BTjmst,
  year =         "1992",
  volume =       "270",
  number =       "247",
}

@Article{Mavri93a,
  author =       "J. Mavri and J. Koller and D. Had\v{z}i",
  title =        "Ab initio and {AM}1 calculations on model systems of
                 acetylcholine binding: complexes of tetramethylammonium
                 with aromatics, neutral and ionic formic acid",
  journal =      BTjmst,
  year =         "1993",
  volume =       "283",
  pages =        "305--312",
}

@Article{Mavri93b,
  author =       "J. Mavri and H. J. C. Berendsen and W. F. van
                 Gunsteren",
  title =        "Influence of Solvent on Intramolecular Proton Transfer
                 in Hydrogen Malonate. {M}olecular Dynamics Simulation
                 Study of Tunneling by Density Matrix Evolution and
                 Nonequilibrium Solvation",
  journal =      BTjpc,
  year =         "1993",
  volume =       "97",
  pages =        "13469--13476",
}

@Article{Mavri94a,
  author =       "J. Mavri and H. J. C. Berendsen",
  title =        "Treatment of Nonadiabatic Transitions by Density
                 Matrix Evolution and Molecular Dynamics Simulations",
  journal =      "J. Mol. Struct.",
  year =         "1994",
  volume =       "322",
  pages =        "1--7",
}

@Article{Mavri94b,
  author =       "J. Mavri and H. J. Vogel",
  title =        "Ion Pair Formation Involving Methylated Lysine Side
                 Chains : {A} Theoretical Study",
  journal =      BTprot,
  year =         "1994",
  volume =       "18",
  pages =        "381--389",
}

@Article{Mavri94c,
  author =       "J. Mavri and H. J. C. Berendsen",
  title =        "Dynamical Simulation of a Quantum Harmonic Oscillator
                 in a Noble Gas Bath by Density Matrix Evolution",
  journal =      BTpre,
  year =         "1994",
  volume =       "50",
  pages =        "198--204",
}

@Article{Mavri94d,
  author =       "J. Mavri and M. Lensink and H. J. C. Berendsen",
  title =        "Treatment of Inelastic Collisions of a Particle with a
                 Quantum Harmonic Oscillator by Density Matrix
                 Evolution",
  journal =      "Molec. Phys.",
  year =         "1994",
  volume =       "82",
  pages =        "1249--1257",
}

@Article{Mavri95a,
  author =       "J. Mavri and H. J. C. Berendsen",
  title =        "Calculation of the Proton Transfer Rate Using Density
                 Matrix Evolution and Molecular Dynamics Simulations :
                 Inclusion of Proton Excited States",
  journal =      BTjpc,
  year =         "1995",
  volume =       "99",
  pages =        "12711--12717",
}

@Book{McQuarrie76,
  author =       "D. A. McQuarrie",
  title =        "Statistical Mechanics",
  publisher =    "Harper \& Row",
  year =         "1976",
  address =      "New York",
}

@Article{Meador93,
  author =       "W. E. Meador and A. R. Means and F. A. Quiocho",
  title =        "Modulation of calmodulin plasticity in molecular
                 recognition on the basis of {X}-ray structures",
  journal =      BTsci,
  year =         "1993",
  volume =       "262",
  pages =        "1718",
}

@Article{Meden95,
  author =       "A. Meden and J. Mavri and M. Bele and S. Pejovnik",
  title =        "On the Dissolution of Boron in Lithium Melt",
  journal =      BTjpc,
  year =         "1995",
  volume =       "99",
  pages =        "4252--4260",
}

@Article{Mehler91,
  author =       "E. L. Mehler and J. L. Pascual-Ahuir and H.
                 Weinstein",
  title =        "Structural dynamics of calmodulin and troponin {C}",
  journal =      BTpeng,
  year =         "1991",
  volume =       "4",
  pages =        "625--637",
}

@Article{Meiro94,
  author = 	 {H. Meirovitch and E. Meirovitch and A. Michel and
                  M. V{\'a}squez},
  title = 	 {A Simple and Effective Procedure for Conformational
                  Search of Macromolecules: Application to {M}et- and
                  {L}eu-Enkephalin},
  journal = 	 BTjpc,
  year = 	 1994,
  volume =	 98,
  pages =	 {6241-6243}
}

@Article{Merritt94,
  author =       "E. A. Merritt and M. E. P. Murphy",
  title =        "Raster3{D} Version 2.0: {A} Program for Photorealistic
                 Molecular Graphics",
  journal =      BTacd,
  year =         "1994",
  volume =       "50",
  pages =        "869--873",
}

@Article{Merutka95,
  author =       "G. Merutka and H. J. Dyson and P. E. Wright",
  title =        "'{R}andom Coil' {$^1$H} Chemical Shifts obtained as a
                 function of temperature and trifluoroethanol
                 concentration for the peptide series {GGXGG}",
  journal =      BTjbnmr,
  year =         "1995",
  volume =       "5",
  pages =        "14--24",
}

@Article{Mierke91,
  author =       "D. F. Mierke and H. Kessler",
  title =        "Molecular Dynamics with Dimethyl Sulfoxide as a
                 Solvent. Conformation of a Cyclic Hexapeptide.",
  journal =      BTjacs,
  year =         "1991",
  volume =       "113",
  pages =        "9446",
}

@Article{Mierke93,
  author =       "Dale F. Mierke and Horst Kessler",
  title =        "Improved Molecular Dynamics Simulations for the
                 Determination of Peptide Structures",
  journal =      BTbiop,
  year =         "1993",
  volume =       "33",
  pages =        "1003--1017",
}

@Article{Mierlo91a,
  author = 	 {C. P. M. van Mierlo and N. J. Darby and D. Neuhaus
                  and T. E. Creighton},
  title = 	 {(14-38, 30-51) Double-disulphide Intermediate in
                  Folding of Bovine Pancreatic Trypsin Inhibitor: A
                  Two-dimensional $^1${H} Nuclear Magnetic Resonance Study},
  journal = 	 BTjmb,
  year = 	 1991,
  volume =	 222,
  pages =	 {353-371}
}

@InCollection{Miklavc89,
  author =       "A. Miklavc and D. Kocjan and D. Had\v{z}i and J. Mavri
                 and J. Koller",
  booktitle =    "QSAR: Quantitative Structure-Activity Relationships in
                 Drug Design",
  title =        "Binding of agonists and antagonists to beta-adrenergic
                 receptor",
  publisher =    "Alan R. Liss",
  year =         "1989",
  editor =       "J. L. Fauchere",
  pages =        "275--280",
  address =      "New York",
}

@Article{Miklavc90,
  author =       "A. Miklavc and D. Kocjan and J. Mavri and J. Koller
                 and D. Had\v{z}i",
  title =        "On the fundamental difference in thermodynamics of
                 agonists and antagonists interactions with
                 beta-adrenergic receptor and the mechanism of
                 entropy-driven binding",
  journal =      "Biochem. Pharmacol.",
  year =         "1990",
  volume =       "40",
  number =       "4",
  pages =        "663--669",
}


@Article{Miller96,
  author = 	 {R. T. Miller and D. T. Jones and J. M. Thronton},
  title = 	 {Protein fold recognition by sequence threading:
                  Tools and assessment techniques},
  journal = 	 BTfaseb,
  year = 	 1996,
  volume =	 10,
  pages =	 {171-177}
}

@Article{Minard89,
  author =       "Philippe Minara and Len Hall and Jean-Michel Betton
                 and Dominique Missiakis and Jeannine M. Yon",
  title =        "Efficient expression and characterization of isolated
                 structural domains of yeast phosphateglycerate kinase
                 genrated by site-directed mutagenesis",
  journal =      BTpeng,
  year =         "1989",
  volume =       "3",
  pages =        "55--60",
}

@Article{Mitchell94,
  author = 	 {J. B. O. Mitchell and C. L. Nandi and I. K. McDonald
                  and J. M. Thornton and S. L. Price},
  title = 	 {Amino/Aromatic Interactions in Proteins: Is the
                  Evidence Stacked Against Hydrogen Bonding?},
  journal = 	 BTjmb,
  year = 	 1994,
  volume =	 239,
  pages =	 {315-331}
}

@Article{Berweger95,
  author = 	 "C. D. Berweger and W. F. van Gunsteren and
                  F. M{\"u}ller-Plathe",
  title = 	 {Force field parametrization by weak
                  coupling. Re-engineering {SPC} water},
  journal = 	 BTcpl,
  year = 	 1995,
  volume =	 232,
  pages =	 {429-436}
}

@Article{Miyamoto92,
  author = 	 {S. Miyamoto and P. A. Kollman},
  title = 	 {{SETTLE}: {An} Analytical Version of the {SHAKE} and
                  {RATTLE} Algorithms for Rigid Water Models},
  journal = 	 BTjcc,
  year = 	 1992,
  volume =	 13,
  pages =	 {952-962}
}

@Article{Monera94,
  author =       "Oscar D. Monera and Cyril M. Kay and Robert S.
                 Hodges",
  title =        "Electrostatic interactions control the parallel and
                 antiparallel orientation of {$\alpha$}-helical chains
                 in two stranded {$\alpha$}-helical coiled coils",
  journal =      BTbioch,
  year =         "1994",
  volume =       "33",
  pages =        "3862--3871",
}

@Article{Moore80,
  author = 	 {P. B. Moore},
  title = 	 {Small-angle Scattering. Information Content and
                  Error Analysis},
  journal = 	 BTjapl,
  year = 	 1980,
  pages =	 {168-175}
}

@Article{Moras92,
  author =       "Dino Moras",
  title =        "Structural and functional relationships between
                 aminoacyl-{tRNA} synthetases",
  journal =      BTtibs,
  year =         "1992",
  volume =       "17",
  pages =        "159--164",
}

@Article{Moret90,
  author = 	 {E. Moret and I. P. Gerothanassis and R. N. Hunston
                  and J. Lauterwein},
  title = 	 {Does a 2 {$\leftarrow$} 5 $\beta$-turn structure
                  exist in enkephalins?},
  journal = 	 BTfebs,
  year = 	 1990,
  volume =	 262,
  pages =	 {173-175}
}

@Article{Morikami94,
  author = 	 {K. Morikami and M. Saito},
  title = 	 {Molecular Dynamics study on the stability of ions
                  around human lysozyme in the crystal condition},
  journal = 	 BTcpc,
  year = 	 1994,
  volume =	 225,
  pages =	 {196-201}
}

@Article{Motta87a,
  author = 	 {A. Motta and D. Picone and T. Tancredi and P. A. Temussi},
  title = 	 {{NOE} Measurements on Linear Peptides in
                  Cryoprotective Aqueous Mixtures},
  journal = 	 BTjmag,
  year = 	 1987,
  volume =	 75,
  pages =	 {364-370}
}

@Article{Motta87b,
  author = 	 {A. Motta and T. Tancredi and P. A. Temussi},
  title = 	 {Nuclear Overhauser effects in linear peptides},
  journal = 	 BTfebs,
  year = 	 1987,
  volume =	 215,
  pages =	 {215-218}
}

@Article{Motta88,
  author = 	 {A. Motta and D. Picone and T. Tancredi and P. A. Temussi},
  title = 	 {Low Temperature {NMR} Studies of {L}eu-Enkephalins
                  in cryoprotective solvents},
  journal = 	 {Tetrahedron},
  year = 	 1988,
  volume =	 44,
  pages =	 {975-990}
}

@Article{Munoz95,
  author =       "V. Mu{\~n}oz and L. Serrano and M. A. Jimenez and M.
                 Rico",
  title =        "Structural Analysis of Peptides Encompassing All
                 {$\alpha$}-helices of three {$\alpha$/$\beta$} Parallel
                 Proteins: Che-{Y}, Flavodoxin and {P21}-Ras:
                 Implications for {$\alpha$}-helix stability and the
                 folding of {$\alpha$/$\beta$} Parallel Proteins",
  journal =      BTjmb,
  year =         "1995",
  volume =       "247",
  pages =        "648--669",
}

@Article{Nabokov88,
  author = 	 {O. A. Nabokov and Yu. A. Lubimov},
  title = 	 {The dielectric relaxation and the percolation model
                  of water},
  journal = 	 BTmph,
  year = 	 1988,
  volume =	 65,
  pages =	 {1473-1482}
}

@Article{Nakamure96,
  author = 	 {H. Nakamura},
  title = 	 {Roles of Electrostatic Interactions in Proteins},
  journal = 	 {Quarterly Rev. Biophys.},
  year = 	 1996,
  volume =	 29,
  pages =	 {1--90}
}

@Article{Nayeem91,
  author = 	 {A. Nayeem and J. Villa and H. A. Scheraga},
  title = 	 {A comparative study of the simulated-annealing and
                  Monte Carlo-with-minimization approaches to the
                  minimum-energy structures of polypeptides:
                  [{M}et]-enkephalin},
  journal = 	 BTjcc,
  year = 	 1991,
  volume =	 12,
  pages =	 {594-605}
}

@Article{Neumann80,
  author = 	 {M. Neumann and O. Steinhauser},
  title = 	 {The influence of boundary conditions used in machine
                  simulations on the structure of polar systems},
  journal = 	 BTmph,
  year = 	 1980,
  volume =	 39,
  pages =	 {437-454}
}

@Article{Neumann83a,
  author = 	 {M. Neumann},
  title = 	 {Dipole moment fluctuation formulas in computer
                  simulations of polar system},
  journal = 	 BTmph,
  year = 	 1983,
  volume =	 50,
  pages =	 {841-858}
}

@Article{Neumann83b,
  author = 	 {M. Neumann and O. Steinhauser},
  title = 	 {On the calculation of the frequency-dependent
                  dielectric constant in computer simulations},
  journal = 	 BTcpl,
  year = 	 {1983},
  OPTkey = 	 {},
  volume = 	 {102},
  OPTnumber = 	 {6},
  OPTmonth = 	 {},
  pages = 	 {508-513},
  OPTnote = 	 {},
  OPTannote = 	 {equation for relating relaxation time to Debye time}
}

@Article{Neumann84,
  author = 	 {M. Neumann and O. Steinhauser and G. S. Pawley},
  title = 	 {Consistent calculation of the static and
                  frequency-dependent dielectric constant in computer
                  simulations},
  journal = 	 BTmph,
  year = 	 1984,
  volume =	 52,
  pages =	 {97-113}
}

@Article{Neumann85,
  author =       "M. Neumann",
  title =        {The dielectric constant of water. Computer
                  simulation with the {MCY} potential},
  journal =      BTjcp,
  year =         "1985",
  volume =       "82",
  number =	 "12",
  pages =        "5663-5672",
  OPTmonth =	 "june",
  OPTabstract =	 "",
}

@Article{Neumann86a,
  author = 	 {M. Neumann},
  title = 	 {Computer simulation and the dielectric constant at
                  finite wavelength},
  journal = 	 BTmph,
  year = 	 1986,
  volume =	 57,
  pages =	 {97-121}
}

@Article{Neumann86b,
  author = 	 {M. Neumann},
  title = 	 {Dielectric relaxation in water. Computer simulations
                  with the TIP4P potential},
  journal = 	 BTjcp,
  year = 	 1986,
  volume =	 85,
  pages =	 {1567-1580}
}

@Article{Nilges88,
  author =       "M. Nilges and G. M. Clore and A. M. Gronenborn",
  title =        "Determination of Three-Dimensional Structures of
                 Proteins from Interproton Distance Data by Dynamical
                 Simulated Annealing from a Random Array of Atoms",
  journal =      BTfebs,
  year =         "1988",
  volume =       "239",
  pages =        "129--136",
}

@Article{Nishikawa87,
  author =       "Tetsuo Nishikawa and Nobuhiro G{\bar{\rm o}}",
  title =        "Normal Modes of Vibration in Bovine Pancreatic Trypsin
                 Inhibitor and Its Mechanical Property",
  journal =      BTprot,
  year =         "1987",
  volume =       "2",
  number =       "308-329",
}
 
@Article{Njo95,
  author = 	 {Swie Lan Njo and Wilfred F.van Gunsteren and Florian
                  M{\"u}ller-Plathe},
  title = 	 {Determination of force field parameters for
                  molecular simulation by molecular simulation: An
                  application of the weak-coupling method},
  journal = 	 BTjcp,
  year = 	 1995,
  volume =	 102,
  pages =	 {6199-6207}
}

@Article{No95,
  author =       "Kyoung Tai No and Oh Young Kwon and Su Yeon Kim and
                 Kwang Hwi Cho and Chang No Yoon and Young Kee Kang and
                 Kenneth D. Gibson and Mu Shik Jhon and Harold A.
                 Scheraga",
  title =        "Determination of Nonbonded Potential Parameters for
                 Peptides",
  journal =      BTjpc,
  year =         "1995",
  volume =       "99",
  pages =        "13019--13027",
}

@Article{Nose83,
  author =       "S. Nos\'{e} and M. L. Klein",
  title =        "Constant pressure molecular dynamics for molecular systems",
  journal =      BTmph,
  year =         "1983",
  volume =       "50",
  pages =        "1055--1076",
}


@Article{Nose84,
  author =       "S. Nos\'{e}",
  title =        "A Molecular dynamics method for simulations in the canonical ensemble",
  journal =      BTmph,
  year =         "1984",
  volume =       "52",
  pages =        "255--268",
}

@Article{Nuland94a,
  author =       "N. van Nuland and I. W. Hangyi and R. C. van Schaik
                 and H. J. C. Berendsen and W. F. van Gunsteren and R.
                 M. Scheek and G. T. Robillard",
  title =        "THE HIGH-RESOLUTION STRUCTURE OF THE
                 HISTIDINE-CONTAINING PHOSPHOCARRIER PROTEIN
                 {HP}r FROM {E}SCHERICHIA COLI DETERMINED BY
                 RESTRAINED MOLECULAR DYNAMICS FROM {NMR}
                 NUCLEAR OVERHAUSER EFFECT DATA",
  journal =      BTjmb,
  year =         "1994",
  volume =       "237",
  pages =        "544-559",
}

@Article{Nuland96,
  author = 	 "Nico A. J. van Nuland and  Jonna A. Wiersma and
		  David van der Spoel and Bert L. de Groot and Ruud M. Scheek and George T. Robillard",
  title = 	 "Phosphorylation-induced torsion-angle strain in the
		  active center of {HP}r, detected by {NMR} and restrained
		  molecular dynamics refinement.",
  journal =	 BTpsci,
  volume =       5,
  year =	 1996,
  pages =        {442--446}
}

@Article{Ohgushi83,
  author =       "Mikio Ohgushi and Akiyoshi Wada",
  title =        "'{M}olten-globule state': a compact form of globular
                 proteins with mobile side-chains",
  journal =      BTfebs,
  year =         "1983",
  volume =       "164",
  pages =        "21--24",
}

@Article{Olejni84a,
  author = 	 {E. T. Olejniczak and C. M. Dobson and M. Karplus and
                  R. M. Levy},
  title = 	 {Motional Averaging of Proton Nuclear Overhauser
                  Effects in Proteins. Predictions from a Molecular
                  Dynamics Simulation of Lysozyme},
  journal = 	 BTjacs,
  year = 	 1984,
  volume =	 106,
  pages =	 {1923-1930}
}

@Article{Opitz87,
  author =       "Ulrich Opitz and Rainer Rudolph and Rainer Jaenicke
                 and Lowell Ericsson and Hans Neurath",
  title =        "Proteolytic Dimers of Porcine Muscle Lactate
                 Dehydrogenase: Characterisation, Folding, and
                 Reconstitution of the Truncated and Nicked Polypeptide
                 Chain",
  journal =      BTbioch,
  year =         "1987",
  volume =       "26",
  pages =        "1399--1406",
}

@Article{Parrinello81,
  author =       "M. Parrinello and A. Rahman",
  title =        "Polymorphic transitions in single crystals: 
                  A new molecular dynamics method",
  journal =      BTjaplp,
  year =         "1981",
  volume =       "52",
  pages =        "7182--7190",
}


@Article{PSmith91a,
  author =       "Paul E. Smith and B. Montgomery Pettitt",
  title =        "Peptides in ionic solutions: {A} comparison of the
                 Ewald and switching function techniques.",
  journal =      BTjcp,
  year =         "1991",
  volume =       "95",
  pages =        "8430--8441",
}

@Article{PSmith91b,
  author =       "Paul E. Smith and B. Montgomery Pettitt",
  title =        "Effects of Salt on the structure and dynamics of the
                 Bis(penicillamine) Enkaphalin Zwitterion: {A}
                 simulation study",
  journal =      BTjacs,
  year =         "1991",
  volume =       "113",
  pages =        "6029--6037",
}

@Article{PSmith93,
  author =       "Paul E. Smith and Gail E. Marlow and B. M. Pettitt",
  title =        "Peptides in ionic solutions: {A} simulation study of a
                 Bis(penicillamine) Enkaphalin in Sodium Acetate
                 Solution",
  journal =      BTjacs,
  year =         "1993",
  volume =       "115",
  pages =        "7493--7498",
}

@Article{PSmith94a,
  author = 	 {P. E. Smith and W. F. van Gunsteren},
  title = 	 {Translational and Rotational Diffusion of Proteins},
  journal = 	 BTjmb,
  year = 	 1994,
  volume =	 236,
  pages =	 {629-636}
}

@Article{PSmith94b,
  author = 	 {P. E. Smith and W. F. van Gunsteren},
  title = 	 {Consistent Dielectric Properties of the simple point
                  charge and extended simple point charge water models
                  at 277 and 300 K},
  journal = 	 BTjcp,
  year = 	 1994,
  volume =	 100,
  pages =	 {3169-3174}
}

@Article{PSmith95a,
  author = 	 {P. E. Smith and R. C. van Schaik and T. Szyperski
                  and K. W{\"u}thrich and W. F. van Gunsteren},
  title = 	 {Internal Mobility of the Basic Pancreatic Trypsin
                  Inhibitor in Solution: A Comparison of {NMR} SPin
                  Relaxation Measurements and Molecular Dynamics Simulations},
  journal = 	 BTjmb,
  year = 	 1995,
  volume =	 246,
  pages =	 {356-365}
}

@Article{PSmith95b,
  author = 	 {P. E. Smith and W. F. van Gunsteren},
  title = 	 {Reaction Field Effects on the Simulated Properties
                  of Liquid Water},
  journal = 	 BTmsim,
  year = 	 1995,
  volume =	 15,
  pages =	 {233-245}
}

@Article{Paci96,
  author = 	 {E. Paci and M. Marchi},
  title = 	 {Constant-Pressure Molecular Dynamics Techniques
                  Applied to Complex Molecular Systems and Solvated Proteins},
  journal = 	 BTjpc,
  year = 	 1996,
  volume =	 100,
  pages =	 {4314--4322}
}

@Article{Paine85,
  author = 	 {G. H. Paine and H. A. Scheraga},
  title = 	 {Prediction of the native conformation of a
                  polypeptide by a statistical-mechanical
                  procedure. {I}. {B}ackbone structure of enkephalin},
  journal = 	 BTbiop,
  year = 	 1985,
  volume =	 24,
  pages =	 {1391-1346}
}

@Article{Paine86,
  author = 	 {G. H. Paine and H. A. Scheraga},
  title = 	 {Prediction of the native conformation of a
                  polypeptide by a statistical-mechanical
                  procedure. {II}. {A}verage backbone structure of enkephalin},
  journal = 	 BTbiop,
  year = 	 1986,
  volume =	 25,
  pages =	 {1547-1563}
}

@Article{Paine87,
  author = 	 {G. H. Paine and H. A. Scheraga},
  title = 	 {Prediction of the native conformation of a
                  polypeptide by a statistical-mechanical
                  procedure. {III}. {P}robable and average conformations
                  of enkephalin},
  journal = 	 BTbiop,
  year = 	 1987,
  volume =	 26,
  pages =	 {1125-1162}
}

@Article{Palmer92,
  author = 	 {A. G. {Palmer III} and D. A. Case},
  title = 	 {Molecular Dynamics Analysis of {NMR} Relaxation in a
                  Zinc-Finger Peptide},
  journal = 	 BTjacs,
  year = 	 1992,
  volume =	 114,
  pages =	 {9059-9067}
}

@Article{Pardi84,
  author = 	 {A. Pardi and M. Billeter and K. W{\"u}thrich},
  title = 	 {Calibration of the Angular Dependence of the Amide
                  Proton-{C$\alpha$} Proton Coupling Constants
                  {$^3$J$_{HN\alpha}$}, in a GLobular Protein},
  journal = 	 BTjmb,
  year = 	 1984,
  volume =	 180,
  pages =	 {741-751}
}

@Article{Parker96,
  author = 	 {W. Parker and J. J. Stezowski},
  title = 	 {The surface of $\beta$-sheet proteins contains
                  amphiphilic regions which may provide clues about
                  protein folding},
  journal = 	 BTprot,
  year = 	 1996,
  volume =	 25,
  pages =	 {253-260}
}

@Article{Pastor89,
  author = 	 {R. W. Pastor and M. Karplus},
  title = 	 {Inertial effects in butane stochastic dynamics},
  journal = 	 BTjcp,
  year = 	 1989,
  volume =	 91,
  pages =	 {211-218}
}

@Article{Pearson95,
  author =       "J. G. Pearson and J. -F. Wang and J. L. Markley and H.
                 -B. Le and E. Oldfield",
  title =        "Protein Structure Refinement Using Carbon-13 Nuclear
                 Magnetic Resonance Spectroscopic Chemical Shifts and
                 Quantum Chemistry",
  journal =      BTjacs,
  year =         "1995",
  volume =       "117",
  pages =        "8823--8829",
}

@Article{Peng92a,
  author =       "J. W. Peng and G. Wagner",
  title =        "Mapping of the Spectral Densities of {N-H} Bond
                 Motions in Eglin c Using Heteronuclear Relaxation
                 Experiments",
  journal =      BTbioch,
  year =         "1992",
  volume =       "31",
  pages =        "8571--8586",
}

@Article{Peng92b,
  author = 	 {J. W. Peng and G. Wagner},
  title = 	 {Mapping of Spectral Density Functions Using
                  Heteronuclear {NMR} Relaxation Measurements},
  journal = 	 BTjmag,
  year = 	 1992,
  volume =	 98,
  pages =	 {308-332}
}

@Article{Perez92,
  author = 	 {J. J. Perez and G. H. Loew and H. O. Villar},
  title = 	 {Conformational Study of Met-Enkephalin in Its
                  Zwitterionic Form},
  journal = 	 BTijqc,
  year = 	 1992,
  volume =	 44,
  pages =	 {263-275}
}

@Article{Perrin94,
  author =       "C. L. Perrin",
  title =        "Symmetries of Hydrogen Bonds in Solution",
  journal =      BTsci,
  year =         "1994",
  volume =       "266",
  pages =        "1665--1668",
}

@Article{Persechini88,
  author =       "A. Persechini and R. H. Kretsinger",
  title =        "The central helix of Calmodulin functions as a
                 flexible tether",
  journal =      BTjbc,
  year =         "1988",
  volume =       "263",
  pages =        "12175--12178",
}

@Article{Petersen95,
  author = 	 {H. G. Petersen},
  title = 	 {Accuracy and efficiency of the particle mesh {E}wald method},
  journal = 	 BTjcp,
  year = 	 1995,
  volume =	 103,
  pages =	 {3668-3679}
}

@Article{Picone90,
  author = 	 {D. Picone and A. {D'Ursi} and A. Motta and
                  T. Tancredi and P. A. Temussi},
  title = 	 {Conformational Preferences of [{Leu}$^5$]enkephalin in
                  biomimetic media},
  journal = 	 BTejb,
  year = 	 1990,
  volume =	 192,
  pages =	 {433-439}
}

@Article{Post92,
  author = 	 {C. B. Post},
  title = 	 {Internal Motional Averaging and Three-dimensional
                  Structure Determination by Nuclear Magnetic Resonance},
  journal = 	 BTjmb,
  year = 	 1992,
  volume =	 224,
  pages =	 {1087-1101}
}

@PhdThesis{Postma85,
  author =       "J. P. M. Postma",
  title =        "A Molecular Dynamics study of water",
  school =       "University of Groningen",
  year =         "1985",
}

@Article{Pristovsek93,
  author =       "P. Pristov\v{s}ek and J. Kidri\v{c} and J. Mavri and
                 D. Had\v{z}i",
  title =        "{NMR} and Molecular Dynamics Study of Four Carbocyclic
                 Muramyl Dipeptide Analogues",
  journal =      BTbiop,
  year =         "1993",
  volume =       "33",
  pages =        "1149--1157",
}

@InCollection{Privalov92,
  author = 	 {P. L. Privalov},
  title = 	 {Physical Basis of the Stability of Folded
                  Conformations of Proteins},
  booktitle = 	 {Protein Folding},
  publisher =	 {Freeman},
  year =	 1992,
  editor =	 {T. E. Creighton},
  pages =	 {83--126}
}

@Article{Privalov96,
  author = 	 {P. L. Privalov},
  title = 	 {Intermediate states in protein folding},
  journal = 	 BTjmb,
  year = 	 1996,
  volume =	 258,
  pages =	 {707--725}
}

@Article{Ptitsyn90,
  author =       "O. B. Ptitsyn and R. H. Pain and G. V. Semisotnov and
                 E. Zerovnik and O. I Razgulyaev",
  title =        "Evidence for a molten globule state as a general
                 intermediate in protein folding",
  journal =      BTfebs,
  year =         "1990",
  volume =       "262",
  pages =        "20--24",
}

@Article{Pugliese95,
  author =       "L. Pugliese and M. Pr{\'e}vost and S. J. Wodak",
  title =        "Unfolding Simulations of the 85-102 $\beta$-Hairpin of
                 Barnase",
  journal =      BTjmb,
  year =         "1995",
  volume =       "251",
  pages =        "432--447",
}

@Article{Radnai89,
  author =       "T. Radnai and S. Ishiguro and H. Ohtaki",
  title =        "Intramolecular and Liquid structure of
                 2,2,2-Trifluoroethanol by {X}-Ray diffraction",
  journal =      "J. Sol. Chem.",
  year =         "1989",
  volume =       "18",
  pages =        "771--784",
}

@Article{Raine89,
  author =       "A. R. C. Raine and D. Fincham and W. Smith",
  title =        "Systolic loop methods for molecular dynamics
                 simulation",
  journal =      BTcpc,
  year =         "1989",
  volume =       "55",
  pages =        "13--30",
}

@Article{Raine91,
  author =       "A. R. C. Raine",
  title =        "Systolic loop methods for molecular dynamics
                 simulation, generalised for macromolecules",
  journal =      "Personal Communications",
  year =         "1991",
  volume =       "0",
  pages =        "0",
}

@Article{Rao93,
  author =       "S. T. Rao and S. Wu and K. A. Satyshur and K. -Y. Ling
                 and C. Kung and M. Sundaralingam",
  title =        "Structure of {P}aramecium {T}etraurelia calmodulin at
                 1.8 {\AA} resolution",
  journal =      BTpsci,
  year =         "1993",
  volume =       "2",
  pages =        "436",
}

@Article{Rao94,
  author =       "B. G. Rao and M. A. Murcko",
  title =        "Reversed Stereochemical Preference in Binding of {Ro}
                 31-8959 to {HIV}-1 Proteinase : {A} Free Energy
                 Perturbation Analysis",
  journal =      BTjcc,
  year =         "1994",
  volume =       "15",
  pages =        "1241--1253",
}

@InCollection{Richards,
  author =       "F. M. Richards",
  title =        "Protein Folding",
  chapter =      "1",
  publisher =    "Freeman",
  year =         "1992",
  address =      "New York",
}

@Article{Roberts95,
  author =       "J. E. Roberts and J. Schnitker",
  title =        "Boundary Conditions in Simulations of Aqueous Ionic
		  Solutions: A Systematic Study ",
  journal =      BTjpc,
  year =         "1995",
  volume =       "99",
  pages =        "1322-1331"
}

@Article{Rose93,
  author =       "G. D. Rose and R. Wolfenden",
  title =        "Hydrogen bonding and hydrophobicity, packing and
                 protein folding",
  journal =      BTarbb,
  year =         "1993",
  volume =       "22",
  pages =        "381--415",
}

@Article{Rossmann74,
  author =       "Michael G. Rossmann and Dino Moras and Kenneth W.
                 Olsen",
  title =        "Chemical and biological evolution of a
                 nucleotide-binding protein",
  journal =      BTnature,
  year =         "1974",
  volume =       "250",
  pages =        "194--199",
}

@Article{Rudolph76,
  author =       "Rainer Rudolph and Rainer Jaenicke",
  title =        "Kinetics of Reassociation and Reactivation of
                 pig-muscle lactic dehydrogenase after acid
                 dissociation",
  journal =      BTejb,
  year =         "1976",
  volume =       "63",
  pages =        "409--417",
}

@Article{Ryckaert77,
  author =       "J. P. Ryckaert and G. Ciccotti and H. J. C.
                 Berendsen",
  title =        "Numerical Integration of the Cartesian Equations of
                 Motion of a System with Constraints; Molecular Dynamics
                 of n-Alkanes",
  journal =      BTjcomp,
  year =         "1977",
  volume =       "23",
  pages =        "327--341",
}

@Article{Ryckaert78,
  author =       "J. P. Ryckaert and A. Bellemans",
  title =        "",
  journal =      "Far. Disc. Chem. Soc.",
  year =         "1978",
  volume =       "66",
  pages =        "95",
}

@Article{Sakarellos89,
  author = 	 {C. Sakarellos and I. P. Gerothanassis and
                  N. Birlirakis and T. Karayannis and
                  M. Sakarellos-Daitsiotis},
  title = 	 {$^{17}${O}-{NMR} Studies of the Conformational and
                  Dynamics Properties of Enkephalins in Aqueous and
                  Organic Solutions Using Selective Labeled Analogues},
  journal = 	 BTbiop,
  year = 	 1989,
  volume =	 28,
  pages =	 {15-26}
}

@Article{Santis96,
  author = 	 {A. {De Santis} and D. Rocca},
  title = 	 {Evidence of nonadditive many-body terms in the water
                  potential},
  journal = 	 BTjcp,
  year = 	 1996,
  volume =	 105,
  pages =	 {7227-7230}
}

@Article{Saraste90,
  author =       "Matti Saraste and Peter R. Sibbald and Alfred
                 Wittinghofer",
  title =        "The {P}-loop - a common motif in {ATP} and {GTP}
                 binding proteins",
  journal =      BTtibs,
  year =         "1990",
  volume =       "15",
  pages =        "430--434",
}

@Article{Schafmeister93,
  author =       "Christian E. Schafmeister and Larry J. W. Miercke and
                 Robert M. Stroud",
  title =        "Structure at 2.5 {{\AA}} of a Designed Peptide That
                 Maintains Solubility of Membrane Proteins",
  journal =      BTsci,
  year =         "1993",
  volume =       "262",
  pages =        "734--738",
}

@Article{Schaik93,
  author =       "R. C. van Schaik and H. J. C. Berendsen and A. E.
                 Torda and W. F. van Gunsteren",
  title =        "A structure refinement method based on molecular
                 dynamics in 4 spatial dimensions",
  journal =      BTjmb,
  year =         "1993",
  volume =       "234",
  pages =        "751--762",
}

@InCollection{Scheek91,
  author =       "R. M. Scheek and A. E. Torda and J. Kemmink and W. F.
                 van Gunsteren",
  title =        "Structure determination by {NMR}: the modeling of
                 {NMR} parameters as ensemble averages",
  booktitle =    "Computational Aspects of the Study of Biological
                 Macromolecules by Nuclear Magnetic Resonance",
  publisher =    "Plenum Press",
  year =         "1991",
  editor =       "J. Hoch and F. M. Poulsen and C. Redfield",
  pages =        "209--217",
  address =      "New York",
}

@Article{Schellman94,
  author =       "John. A. Schellman",
  title =        "The thermodynamics of solvent exchange",
  journal =      BTbiop,
  year =         "1994",
  volume =       "34",
  pages =        "1015--1026",
}

@Book{Schmidt69,
  author = 	 {E. Schmidt},
  title = 	 {Properties of Water and Steam in {SI}-Units},
  publisher = 	 {Springer-Verlag},
  year = 	 1969,
  address =	 {Berlin}
}

@Article{Schreuder89,
  author =       "Herman A. Schreuder and Peter A. J. Prick and Rik K.
                 Wierenga and Gerrit Vriend and Keith S. Wilson and Wim
                 G. J. Hol and Jan Drenth",
  title =        "Crystal Structure of the p-Hydroxybenzoate
                 Hydroxylase-Substrate Complex Refined at 1.9 {{\AA}}
                 Resolution",
  journal =      BTjmb,
  year =         "1989",
  volume =       "208",
  pages =        "679--696",
}

@Book{Schulz78,
  author =       "G. E. Schulz and R. H. Schirmer",
  title =        "Principles of Protein structure",
  publisher =    "Springer Verlag",
  address =      "New York",
  year =         "1978",
  pages =        "16--17",
}

@Article{Schulz92,
  author =       "George E. Schulz",
  title =        "Binding of Nucleotides by proteins",
  journal =      BTcosb,
  year =         "1992",
  volume =       "2",
  pages =        "61--67",
}

@Article{Serrano92a,
  author =       "Luis Serrano and Andreas Matouschek and Alan R.
                 Fersht",
  title =        "The Folding of an Enzyme. {VI}. The Folding Pathway of
                 Barnase: Comparison with Theoretical Models",
  journal =      BTjmb,
  year =         "1992",
  volume =       "224",
  pages =        "847--859",
}

@Article{Shin93a,
  author =       "Hang-Cheol Shin and Gene Merutka and Jonathan P.
                 Waltho and H. Jane Dyson and Peter E. Wright",
  title =        "Peptide Models of Protein Folding Initiation Sites. 2.
                 The {G-H} Turn Region of Myoglobin acts as a Helix Stop
                 Signal",
  journal =      BTbioch,
  year =         "1993",
  volume =       "32",
  pages =        "6348--6355",
}

@Article{Shin93b,
  author =       "Hang-Cheol Shin and Gene Merutka and Jonathan P.
                 Waltho and Linda L. Tennant and H. Jane Dyson and Peter
                 E. Wright",
  title =        "Peptide Models of Protein Folding Initiation Sites. 3.
                 The {G-H} Helical Hairpin of Myoglobin",
  journal =      BTbioch,
  year =         "1993",
  volume =       "32",
  pages =        "6356--6364",
}

@Article{Sicheri95,
  author =       "F. Sicheri and D. S. C. Yang",
  title =        "Ice-binding structure and mechanism of an antifreeze
                 protein from winter flounder",
  journal =      BTnature,
  year =         "1995",
  volume =       "375",
  pages =        "427--431",
}

@Article{Siivari95,
  author =       "K. Siivari and M. Zhang and A. G. {Palmer III} and H.
                 J. Vogel",
  title =        "{NMR} studies of the methionine methyl groups in
                 calmodulin",
  journal =      BTfebs,
  year =         "1995",
  volume =       "366",
  pages =        "104--108",
}

@Article{Sijpkes93,
  author =       "A. H. Sijpkes and G. van der Kleut and S. C. Gill",
  title =        "Urea-diketopiperazine interactions: {A} model for urea
                 induced denaturation of proteins",
  journal =      BTbiopc,
  year =         "1993",
  volume =       "46",
  pages =        "171",
}

@Article{Simonin90,
  author =       "Fr\'ed\'eric Simonin and Josiane {M\'enissier-de
                 Murcia} and Olivier Poch and Sylviane Muller and
                 G\'erard Gradwohl and Miguel Molinete and Carol Penning
                 and G\'erard Keith and Gilbert de Murcia",
  title =        "Expression and Site-directed Mutagenesis of the
                 Catalytic Domain of Human Poly({ADP}-ribose)polymerase
                 in {E}scherichia Coli",
  journal =      BTjbc,
  year =         "1990",
  volume =       "265",
  pages =        "19249--19256",
}

@Article{Singh90,
  author =       "B. G. Rao \and U. C. Singh",
  title =        "A Free Energy Perturbation Study of Solvation in
                 Methanol and Dimethyl Sulfoxide",
  journal =      BTjacs,
  year =         "1990",
  volume =       "112",
  pages =        "3803",
}

@Article{Sjolin90,
  author =       "L. Sjolin and L. A. Svensson and E. Prince and S.
                 Sundell",
  title =        "Phase improvement in the structure interpretation of
                 fragment {2C} from bull testis calmodulin using
                 combined entropy maximization and solvent flattening",
  journal =      BTacb,
  year =         "1990",
  volume =       "46",
  pages =        "209",
}

@PhdThesis{Sok94,
  author =       "R. M. Sok",
  title =        "Permeation of small molecules across a polymer
                 membrane: a computer simulation study",
  school =       "University of Groningen, the Netherlands",
  year =         "1994",
}

@Article{Soman91,
  author = 	 {K. V. Soman and A. Karimi and D. A. Case},
  title = 	 {Unfolding of an $\alpha$-helix in water},
  journal = 	 BTbiop,
  year = 	 1991,
  volume =	 31,
  pages =	 {1351-1361}
}

@Article{Soman93,
  author =       "Kizhake V. Soman and Afshin Karimi and David A. Case",
  title =        "Molecular Dynamics Analysis of a Ribonuclease
                 {C}-Peptide Analogue",
  journal =      BTbiop,
  year =         "1993",
  volume =       "33",
  pages =        "1567--1580",
}

@Article{Soper86,
  author = 	 {A. K. Soper and M. G. Phillips},
  title = 	 {A new determination of the structure of water at
                  25{$^o$C}},
  journal = 	 BTcp,
  year = 	 1986,
  volume =	 107,
  pages =	 {47-60}
}

@Article{Soper97,
  author = 	 {A. K. Soper and F. Bruni and M. A. Ricci},
  title = 	 {Site-site pair correlation functions of water from
                  25 to 400$^o$ C: Revised analysis of new and old data},
  journal = 	 BTjcp,
  year = 	 1997,
  volume =	 106,
  pages =	 {247-254}
}

@Article{Sosnick94,
  author =       "T. R. Sosnick and L. Mayne and R. Hiller and S. W.
                 Englander",
  title =        "The barriers in protein folding",
  journal =      BTnsb,
  year =         "1994",
  volume =       "1",
  pages =        "149--156",
}

@Article{Speir95,
  author =       "Jeffrey A. Speir and Sanjeev Munshi and Guoji Wang and
                 Timothy S. Baker and John E. Johnson",
  title =        "Structures of the native and swollen forms of cowpea
                 chlorotic mottle virus determined by {X}-ray
                 crystallography and cryo-electron microscopy.",
  journal =      "Structure",
  year =         "1995",
  volume =       "3",
  pages =        "63--78",
}

@Article{Spera91a,
  author =       "S. Spera and M. Ikura and A. Bax",
  title =        "Measurements of the exchange rates of rapidly
                 exchanging amide protons: Application to the study of
                 calmodulin and its complex with a myosin light chain
                 kinase fragment",
  journal =      BTjbnmr,
  year =         "1991",
  volume =       "1",
  pages =        "155--165",
}

@Article{Spera91b,
  author =       "S. Spera and A. Bax",
  title =        "Empirical Correlation between Protein Backbone
                 Conformation and {C$_{\alpha}$} and {C$_{\beta}$}
                 $^{13}${C} Nuclear Magnetic Resonance Chemical Shifts",
  journal =      BTjacs,
  year =         "1991",
  volume =       "113",
  pages =        "5490--5492",
}

@InCollection{Spoel95a,
  author =       "David van der Spoel and Herman J. C. Berendsen",
  title =        "Determination of proton transfer rate constants using
                 ab initio, molecular dynamics and density matrix
                 evolution calculations",
  editor =       "L. Hunter and T. Klein",
  pages =        "634--648",
  booktitle =    "Pacific Symposium on Biocomputing 1996",
  year =         "1995",
  publisher =    "World Scientific",
  address =      "Singapore",
}

@Article{Spoel96a,
  author = 	 {David van der Spoel and Bert L. de
		  Groot and Steven Hayward and Herman J. C. Berendsen
		  and Hans J. Vogel},
  title = 	 {Bending of the Calmodulin Central Helix: A
                  Theoretical Study},
journal =        BTpsci,
year    =        1996,
volume = 5,
pages = {2044-2053}		 
}

@Article{Spoel96b,
  author = 	 {David van der Spoel and Hans J. Vogel and Herman
		  J. C. Berendsen},
  title = 	 {Molecular Dynamics Simulations of {N}-terminal Peptides from a Nucleotide Binding Protein},
  journal = 	 BTprot,
  year = 	 1996,
  volume =       24,
  pages =	 {450-466}
}

@article{Spoel96c,
  author = 	 "David van der Spoel and Aldert R.  van Buuren and
		  D.  Peter Tieleman and Herman J. C.  Berendsen",
  title = 	 "Molecular Dynamics Simulations of Peptides from
                  {BPTI}: A Closer Look at Amide-Aromatic
                  Interactions.",
  year =         1996,
  journal =      BTjbnmr,
  volume =        8,
  pages =       {229-238}
}

@Article{Spoel96d,
  author = 	 "David van der Spoel and K. Anton Feenstra and Marcus
		  A. Hemminga and Herman J. C. Berendsen",
  title = 	 "Molecular Modelling of the {RNA} Binding 
                  {N}-terminal part of {CCMV} coat protein in Solution
                  with Phosphate Ions",
  journal = BTbj,
  year     = 1996,
  volume   = 71,
  pages    = {2920-2932}	  
}

@PhdThesis{Spoel96t,
  author = 	 {David van der Spoel},
  title = 	 {Structure and dynamics of peptides: theoretical
                  aspects of protein folding},
  school = 	 {University of Groningen},
  year = 	 1996
}

@Article{Spoel97a,
  author  = 	 {D. van der Spoel and H. J. C. Berendsen},
  title   = 	 {Molecular Dynamics Simulations of {Leu}-Enkephalin in
                  water and {DMSO}},
  year    = 1997,
  journal = BTbj,
  volume  = 72,
  pages   = {2032-2041}
}

@Article{Srini95,
  author = 	 {R. Srinivasan and G. D. Rose},
  title = 	 {{LINUS}: A hierarchic procedure to predict the fold
                  of a protein},
  journal = 	 BTprot,
  year = 	 1995,
  volume =	 22,
  pages =	 {81--99}
}

@Article{Staib95,
  author =       "A. Staib and D. Borgis and J. T. Hynes",
  title =        "Proton Transfer in Hydrogen-bonded acid-base complexes
                 in polar solvents",
  journal =      BTjcp,
  year =         "1995",
  volume =       "102",
  pages =        "2487--2505",
}

@Article{Stanton95,
  author =       "R. V. Stanton and K. M. {Merz Jr.}",
  title =        "Density functional study of symmetric proton
                 transfers",
  journal =      BTjcp,
  year =         "1995",
  volume =       "101",
  pages =        "6658--6665",
}

@Article{Steinhauser92,
  author = 	 {O. Steinhauser and H. Schreiber},
  title = 	 {Taming cut-off induced artifacts in molecular
                  dynamics studies of solvated polypeptides, the
                  reaction field method},
  journal = 	 BTjmb,
  year = 	 1992,
  volume =	 228,
  pages =	 {909-923}
}

@Article{Stimson79,
  author = 	 {E. R. Stimson and Y. C. Meinwald and H. A. Scheraga},
  title = 	 {Solution Conformation of Enkephalin. A Nuclear
                  Magnetic Resonance Study of $^{13}${C}-Enriched
                  Carbonyl Carbons in [{Leu}$^5$]-enkephalin},
  journal = 	 BTbioch,
  year = 	 1979,
  volume =	 18,
  pages =	 {1661-1671}
}

@Article{Stockli90,
  author =       "A. Stockli and B. H. Meier and R. Kreis and R. Meyer
                 and R. R. Ernst",
  title =        "Hydrogen bond dynamics in isotopically substituted
                 benzoic acid dimers",
  journal =      BTjcp,
  year =         "1990",
  volume =       "93",
  pages =        "1502--1520",
}

@Article{Storch95,
  author =       "E. M. ~Storch and V. ~Daggett",
  title =        "Molecular Dynamics Simulation of Cytochrome b5:
                  Implications  for Protein-Protein Recognition",
  journal =      "Biochemistry",
  year =         "1995",
  volume =       "34",
  pages =        "9682-9693",
}

@PhdThesis{Straatsma87,
  author =       "T. P. Straatsma",
  title =        "Free energy evaluation by Molecular Dynamics
                 Simulations",
  school =       "Rijks Universiteit Groningen",
  year =         "1987",
}

@Article{Straatsma88,
  author =       "T. P. Straatsma and H. J. C. Berendsen",
  title =        "Free energy of ionic hydration: Analysis of a
                 thermodynamic integration technique to evaluate free
                 energy differences by molecular dynamics simulation",
  journal =      BTjcp,
  year =         "1988",
  volume =       "89",
  pages =        "5876--5886",
}

@Article{Stroup90,
  author =       "Adam N. Stroup and Lila M. Gierasch",
  title =        "Reduced tendency to form a {$\beta$} Turn in Peptides
                 from the {P22} Tailspike protein correlates with a
                 temperature-sensitive folding defect",
  journal =      BTbioch,
  year =         "1990",
  volume =       "29",
  pages =        "9765--9771",
}

@Article{Struis87,
  author =       "R. P. W. J. Struis and J. de Bleijser and J. C. Leyte",
  title =        "Dynamic Behavior and Some of the Molecular
                  Properties of Water molecules in Pure Water and in
                  {MgCl$_2$} Solutions",
  journal =      BTjpc,
  year =         "1987",
  volume =       "91",
  OPTnumber =    "",
  pages =        "1639-1645",
  OPTmonth =     "",
  OPTremark =	 "Water, 25 C
                  \tau_{HO} = 1.96 ps, \tau_O = 2.03 (with r_{HO}=0.98 A)
                  \tau_{HO} = 1.94 ps, \tau_O = 1.93 (with \tau_{HO}=\tau_D)",
  OPTfolder =    "NMR",
}

@InBook{Stryer88,
  author =       "L. Stryer",
  title =        "Biochemistry",
  pages =        "211",
  publisher =    "Freeman",
  year =         "1988",
  volume =       "1",
  address =      "New York",
  edition =      "3",
}

@Article{Strynadka88,
  author =       "N. C. J. Strynadka and M. N. G. James",
  title =        "Two trifluoperazine-binding sites on calmodulin
                 predicted from comparative molecular modelling with
                 troponin-{C}",
  journal =      BTprot,
  year =         "1988",
  volume =       "3",
  pages =        "1",
}


@Article{Sun94,
  author =       "H. Sun and J. Mumby and J. R. Maple and A. T. Hagler",
  title =        "An ab Initio {CFF}93 All-Atom Force Field for
                 Polycarbonates",
  journal =      BTjacs,
  year =         "1994",
  volume =       "116",
  pages =        "2978--2987",
}

@Article{Sung96,
  author = 	 {S-S. Sung and X-W. Wu},
  title = 	 {Molecular Dynamics Simulations of Synthetic Peptide Folding},
  journal = 	 BTprot,
  year = 	 1996,
  volume =	 25,
  pages =	 {202-214}
}

@Article{Surewicz88,
  author = 	 {W. K. Surewicz and H. H. Mantsch},
  title = 	 {Solution and Membrane Structure of Enkephalins as
                  Studied by Infrared Spectroscopy},
  journal = 	 BTbbrc,
  year = 	 1988,
  volume =	 150,
  pages =	 {245-251}
}

@Article{Svishchev93,
  author = 	 {I. M. Svishchev and P. G. Kusalik},
  title = 	 {Proton Chemical Shift of Water in the Liquid State:
                  Computer Simulation Results},
  journal = 	 BTjacs,
  year = 	 1993,
  volume =	 115,
  pages =	 {8270-8274}
}

@Article{Svishchev94,
  author = 	 {I. M. Svishchev and P. G. Kusalik},
  title = 	 {Dynamics in Liquid {H$_2$O}, {D$_2$O} and {T$_2$O}:
                  A comparitive simulation study},
  journal = 	 BTjpc,
  year = 	 1994,
  volume =	 98,
  pages =	 {728-733}
}

@Article{Takano77,
  author =       "T. Takano",
  title =        "Structure of Myoglobin at 2.0{{\AA}} Resolution. {I}.
                 Crystallographic Refinement of Metmyoglobin from Sperm
                 Whale",
  journal =      BTjmb,
  year =         "1977",
  volume =       "110",
  pages =        "537--568",
}

@Article{Taylor91,
  author =       "D. A. Taylor and J. S. Sack and J. F. Maune and K.
                 Beckingham and F. A. Quiocho",
  title =        "Structure of a recombinant calmodulin from
                 {D}rosophila {M}elanogaster refined at 2.2 {{\AA}}
                 resolution",
  journal =      BTjbc,
  year =         "1991",
  volume =       "266",
  pages =        "21375",
}

@Article{Teixeira85,
  author = 	 {J. Teixeira and {M.-C.} Bellissent-Funel and
                  S. H. Chen and A. J. Dianoux},
  title = 	 {Experimental determination of the nature of
                  diffusive motions of water molecules at low temperatures},
  journal = 	 BTpra,
  year = 	 1985,
  volume =	 31,
  pages =	 {1913-1917}
}

@Article{Terwilliger82,
  author =       "T. C. Terwilliger and D. Eisenberg",
  title =        "The structure of melittin. {I}. {S}tructure
                 determination and partial refinement.",
  journal =      BTjbc,
  year =         "1982",
  volume =       "257",
  pages =        "6010--6015",
}

@Article{Thayer93,
  author =       "M. M. Thayer and R. C. Haltiwanger and V. S. Allured
                 and S. C. Gill and S. J. Gill",
  title =        "Peptide-urea interactions as observed in
                 diketopiperazine-urea cocrystal",
  journal =      BTbiopc,
  year =         "1993",
  volume =       "46",
  pages =        "165",
}

@Article{Thole83,
  author =       "B. T. Thole and P. Th. van Duijnen",
  title =        "A General Population Analysis Preserving the Dipole
                 Moment",
  journal =      BTtchim,
  year =         "1983",
  volume =       "63",
  pages =        "209",
}

@InCollection{Thompson95,
  author = 	 {M. A. Thompson and G. K. Schenter},
  title = 	 {Excited States of the Chromophores of the
                  Photosynthetic reaction center from {\em
                  Rhodopseudomonas Viridis}. A {QM/MM} study that
                  includes {MM} polarization},
  booktitle = 	 {Pacific Symposium on Biocomputing 1996},
  publisher =	 {World Scientific},
  year =	 1995,
  editor =	 {L. Hunter and T. E. Klein},
  address =	 {Singapore},
  pages =	 {754-755}
}

@InCollection{Thornton92,
  author = 	 {J. M. Thornton},
  title = 	 {Protein Structures: The End Point of the Folding Pathway},
  booktitle = 	 {Protein Folding},
  publisher =	 {Freeman},
  year =	 1992,
  editor =	 {T. E. Creighton},
  pages =	 {59--81}
}

@Article{Tieleman96,
  author = 	 {D. P. Tieleman and H. J. C. Berendsen},
  title = 	 {Molecular Dynamics Simulations of a fully hydrated
                  dipalmitoylphosphatidylcholine bilayer with
                  different macroscopic conditions and parameters},
  journal = 	 BTjcp,
  year = 	 1996,
  volume =	 105,
  pages =	 {4871--4880}
}

@Article{Timasheff92,
  author =       "S. N. Timasheff",
  title =        "Solvent effects on protein stability",
  journal =      BTcosb,
  year =         "1992",
  volume =       "2",
  pages =        "35--39",
}

@Article{Tirado91,
  author =       "Julian Tirado-Rives and W. L. Jorgensen",
  title =        "Molecular Dynamics Simulations of the Unfolding of an
                 {$\alpha$}-Helical Analogue of Ribonuclease {A}
                 {S}-Peptide in Water",
  journal =      BTbioch,
  year =         "1991",
  volume =       "30",
  pages =        "3864--3871",
}

@Article{Tirado93,
  author =       "Julian Tirado-Rives and William L. Jorgensen",
  title =        "Molecular Dynamics Simulations of the Unfolding of
                 Apomyoglobin in Water",
  journal =      BTbioch,
  year =         "1993",
  volume =       "33",
  pages =        "4175--4184",
}

@Article{Tironi94,
  author =       "I. G. Tironi and W. F. van Gunsteren",
  title =        "A Molecular Dynamics Study of Chloroform",
  journal =      BTmph,
  year =         "1994",
  volume =       "83",
  pages =        "381--403",
}

@Article{Tironi95,
  author =       "I. G. Tironi and R. Sperb and P. E. Smith and W. F.
                 van Gunsteren",
  title =        "A generalized reaction field method for molecular
                 dynamics simulations",
  journal =      BTjcp,
  year =         "1995",
  volume =       "102",
  pages =        "5451--5459",
}

@Article{Tisi95,
  author =       "L. C. Tisi and P. A. Evans",
  title =        "Conserved Structural Features on Protein Surfaces:
                 Small Exterior Hydrophobic Clusters",
  journal =      BTjmb,
  year =         "1995",
  volume =       "249",
  pages =        "251--258",
}

@Article{Tissen94a,
  author =       "J. T. W. M. Tissen and J. G. E. M. Fraaije and J.
                 Drenth and H. J. C. Berendsen",
  title =        "Mesoscopic theories for protein crystal growth",
  journal =      "Acta Crystallographica",
  year =         "1994",
  volume =       D50,
  pages =        "569",
}

@Article{Tissen94b,
  author =       "J. T. W. M. Tissen and J. Drenth and H. J. C.
                 Berendsen and J. G. E. M. Fraaije",
  title =        "Microhydrodynamics simulation of protein
                 crystallization. {I}. Static calculations",
  journal =      "Biophys. J.",
  year =         "1994",
  volume =       "67",
  pages =        "1801--1805",
}

@Article{TitlesOn,
  author =       "Jan",
  title =        "Een title",
  journal =      BTjmb,
  year =         "1",
  volume =       "1",
  pages =        "1--2",
}

@Article{Tjandra95,
  author =       "N. Tjandra and H. Kuboniwa and H. Ren and A. Bax",
  title =        "Rotational dynamics of calcium-free calmodulin studied
                 by $^{15}${N-NMR} relaxation measurements",
  journal =      BTejb,
  year =         "1995",
  volume =       "230",
  pages =        "1014--1024",
}


@Article{Tobias91,
  author =       "Douglas J. Tobias and John E. Mertz and Charles L.
                 {Brooks III}",
  title =        "Nanosecond timescale folding dynamics of a
                 pentapaptide in water",
  journal =      BTbioch,
  year =         "1991",
  volume =       "30",
  pages =        "6054--6058",
}

@Article{Tobias92,
  author =       "D. J. Tobias and S. F. Sneddon and C. L. {Brooks
                 III}",
  title =        "Stability of a Model $\beta$-sheet in Water",
  journal =      BTjmb,
  year =         "1992",
  volume =       "227",
  pages =        "1244--1252",
}

@Article{Torda89,
  author =       "A. E. Torda and R. M. Scheek and W. F. van Gunsteren",
  title =        "Time-dependent distance restraints in molecular
                 dynamics simulations",
  journal =      BTcpl,
  year =         "1989",
  volume =       "157",
  pages =        "289--294",
}

@Article{Torda90,
  author = 	 {A. E. Torda and R. M. Scheek and W. F. van Gunsteren},
  title = 	 {Time-averaged Nuclear Overhauser Effect Distance
                  Restraints Applied to Tendamistat},
  journal = 	 BTjmb,
  year = 	 1990,
  volume =	 214,
  pages =	 {223-235}
}

@Article{Torda93,
  author = 	 {A. E. Torda and R. M. Brunne and T. Huber and
                  H. Kessler and W. F. van Gunsteren},
  title = 	 {Structure refinement using time-averaged
                  {J}-coupling constant restraints},
  journal = 	 BTjbnmr,
  year = 	 1993,
  volume =	 3,
  pages =	 {55-66}
}

@Article{Torda94,
  author =       "A. E. Torda and W. F. van Gunsteren",
  title =        "Algorithms for Clustering Molecular Dynamics
                 Configurations",
  journal =      BTjcc,
  year =         "1994",
  volume =       "15",
  number =       "12",
  pages =        "1331--1340",
}

@Article{Torok92,
  author = 	 {K. T{\"o}r{\"o}k and A. N. Lane and S. R. Martin and
                  J. {-M}. Janot and P. M. Bayley},
  title = 	 {Effects of Calcium Binding on the Internal Dynamics
                  Properties of Bovine Brain Calmodulin Studied by
                  {NMR} and Optical Spectroscopy},
  journal = 	 BTbioch,
  year = 	 1992,
  volume =	 31,
  pages =	 {3452-3462}
}

@Article{Tropp80,
  author = 	 {J. Tropp},
  title = 	 {Dipolar Relaxation and Nuclear Overhauser effects in
                  nonrigid molecules: The effect of fluctuating
                  internuclear distances},
  journal = 	 BTjcp,
  year = 	 1980,
  volume =	 72,
  pages =	 {6035--6043}
}

@Article{Tropscha92,
  author =       "A. Tropscha and J. Hermans",
  title =        "{HIV}-1 protease complex with inhibitor, {TI} study",
  journal =      BTpeng,
  year =         "1992",
  volume =       "5",
  pages =        "29--33",
}

@Article{Tsou88,
  author =       "Chen-Lu Tsou",
  title =        "Folding of the Nascent Peptide Chain into a
                 biologically Active Protein",
  journal =      BTbioch,
  year =         "1988",
  volume =       "27",
  pages =        "1807--1812",
}

@Article{Tuchsen87,
  author = 	 {E. T{\"u}chsen and C. Woodward},
  title = 	 {Assignment of Asparagine-44 Side-Chain Primary Amide
                  $^1${H} {NMR} Resonance and the Peptide Amide
                  {N}$^1${H} Resonance of Glycine-37 in Basic
                  Pancreatic Trypsin Inhibitor},
  journal = 	 BTbioch,
  year = 	 1987,
  volume =	 26,
  pages =	 {1918-1925}
}

@Article{Tweedy90,
  author =       "Neil B. Tweedy and Mark R. Hurle and Boris A. Chrunyk
                 and C. Robert Matthews",
  title =        "Multiple Replacements at Position 211 in the
                 {$\alpha$} subunit of Tryptophan synthase as a probe of
                 the folding unit association reaction",
  journal =      BTbioch,
  year =         "1990",
  volume =       "29",
  pages =        "1539--1545",
}

@Article{Udgaonkar88,
  author =       "Jayant B. Udgaonkar and Robert L. Baldwin",
  title =        "{NMR} evidence for an early framework intermediate on
                 the folding pathway of ribonuclease {A}",
  journal =      BTnature,
  year =         "1988",
  volume =       "335",
  pages =        "694--699",
}


@Article{Verlet67,
  author =       "L. Verlet.",
  title =        "",
  journal =      "Phys. Rev.",
  year =         "1967",
  volume =       "34",
  pages =        "1311--1327",
}

@Article{Vesterman89,
  author = 	 {B. Vesterman and J. Saulitis and J. Betins and
                  E. Liepins and G. V. Nikiforovich},
  title = 	 {Dynamic Space Structure of the {L}eu-Enkephalin
                  molecule in {DMSO} Solution},
  journal = 	 BTbba,
  year = 	 1989,
  volume =	 998,
  pages =	 {204-209}
}

@Article{Vieth94a,
  author = 	 {M. Vieth and A. Kolinski and C. L. {Brooks III} and
                  J. Skolnick},
  title = 	 {Prediction of the Folding Pathways and Structure of
                  the {GCN}4 Leucine Zipper},
  journal = 	 BTjmb,
  year = 	 1994,
  volume =	 237,
  pages =	 {361-367}
}

@Article{Vogel94a,
  author =       "H. J. Vogel",
  title =        "Calmodulin: a versatile calcium mediator protein",
  journal =      BTbcb,
  year =         "1994",
  volume =       "72",
  pages =        "357--376",
}

@Article{Vogel95a,
  author =       "H. J. Vogel and M. Zhang",
  title =        "Protein engineering and {NMR} studies of calmodulin",
  journal =      BTmcb,
  year =         "1995",
  volume =       "149/150",
  pages =        "3--15",
}

@Article{Vorherr92,
  author =       "T. Vorherr and O. Kessler and A. Mark and E.
                 Carafoli",
  title =        "Construction and molecular dynamics simulation of
                 calmodulin in the extended and in a bent conformation",
  journal =      BTejb,
  year =         "1992",
  volume =       "204",
  pages =        "931--937",
}

@Article{Vrielink91,
  author =       "Alice Vrielink and Lesley F. Lloyd and David M. Blow",
  title =        "Crystal Structure of Cholesterol Oxidase from
                 Brevibacterium sterolicum Refined at 1.8 {{\AA}}
                 Resolution",
  journal =      BTjmb,
  year =         "1991",
  volume =       "219",
  pages =        "533--554",
}

@Article{Vriend81,
  author =       "G. Vriend and M. A. Hemminga and B. J. M. Verduin and
                 J. L. de Wit and T. J. Schaafsma",
  title =        "Segmental Mobility Involved in Protein-{RNA}
                 Interaction in Cowpea Chlorotic Mottle Virus",
  journal =      BTfebs,
  year =         "1981",
  volume =       "134",
  pages =        "167--171",
}

@Article{Vriend82,
  author =       "G. Vriend and B. J. M. Verduin and M. A. Hemminga and
                 T. J. Schaafsma",
  title =        "Mobility involved in protein-{RNA} interaction in
                 spherical plant viruses, studied by nuclear magnetic
                 resonance spectroscopy",
  journal =      BTfebs,
  year =         "1982",
  volume =       "145",
  pages =        "49--52",
}

@Article{Vriend86,
  author =       "G. Vriend and B. J. M. Verduin and M. A. Hemminga",
  title =        "Role of the {N}-terminal Part of the Coat Protein in
                 the Assembly of Cowpea Chlorotic Mottle Virus",
  journal =      BTjmb,
  year =         "1986",
  volume =       "191",
  pages =        "453--460",
}

@Article{Vuister92,
  author =       "G. W. Vuister and F. Delaglio and A. Bax",
  title =        "An Empirical Correlation between
                 {$^1$J$_{{C\alpha}{H\alpha}}$} and Protein Backbone
                 Conformation",
  journal =      BTjacs,
  year =         "1992",
  volume =       "114",
  pages =        "9674--9675",
}

@Article{Vuister93,
  author = 	 {G. W. Vuister and A. Bax},
  title = 	 {Quantitative {J} Correlation: A New Approach for
                  Measuring Homonuclear Three-Bond
                  {J(H$^N$-H$^{\alpha}$)} Coupling Constants in
                  {$^{15}$N}-Enriched Proteins},
  journal = 	 BTjacs,
  year = 	 1993,
  volume =	 115,
  pages =	 {7772-7777}
}

@Article{Wagner93a,
  author =       "G. Wagner",
  title =        "{NMR} relaxation and protein mobility",
  journal =      BTcb,
  year =         "1993",
  volume =       "3",
  pages =        "748--754",
}

@Article{Wall92,
  author =       "C. G. Wall and E. F. Healy and M. A. Fox",
  title =        "Peptide Conformational Analysis Using the {TRIPOS}
                 Force Field",
  journal =      BTijqc,
  year =         "1992",
  volume =       "44",
  pages =        "543--548",
}

@Article{Wallqvist91,
  author = 	 {A. Wallqvist and O. Teleman},
  title = 	 {Properties of flexible water models},
  journal = 	 BTmph,
  year = 	 1991,
  volume =	 74,
  pages =	 {515-533}
}

@Article{Walse96,
  author = 	 {B. Walse and M. Ullner and C. Lindbladh and
                  L. B{\"u}low and T. Drakenberg and O. Teleman},
  title = 	 {Structure of a cyclic peptide with a catalytic
                  triad, determined by computer simulation and {NMR}
                  spectroscopy},
  journal = 	 BTjcaid,
  year = 	 1996,
  volume =	 10,
  pages =	 {11-22}
}

@Article{Waltho93,
  author =       "Jonathan P. Waltho and Victoria A. Feher and Gene
                 Merutka and H. Jane Dyson and Peter E. Wright",
  title =        "Peptide Models of Protein Folding Initiation Sites. 1.
                 Secondary Structure Formation by Peptides Corresponding
                 to the {G}- and {H}-Helices of Myoglobin",
  journal =      BTbioch,
  year =         "1993",
  volume =       "32",
  pages =        "6337--6347",
}

@Article{Watanabe89,
  author = 	 {K. Watanabe and M. L. Klein},
  title = 	 {Effective pair potentials and the properties of water},
  journal = 	 BTcp,
  year = 	 1989,
  volume =	 131,
  pages =	 {157-167}
}

@Article{Watts74,
  author = 	 {R. O. Watts},
  title = 	 {Monte Carlo Studies of Liquid Water},
  journal = 	 BTmph,
  year = 	 1974,
  volume =	 28,
  pages =	 {1069-1083}
}

@Article{Wei89,
  author = 	 {D. Wei and G. N. Patey},
  title = 	 {Rotational Motion in molecular liquids},
  journal = 	 BTjcp,
  year = 	 1989,
  volume =	 91,
  pages =	 {7113-7129}
}

@Article{Weiner86,
  author =       "S. J. Weiner and P. A. Kollman and D. T. Nguyen and
                  D. A. Case",
  title =        "An All Atom Force Field for Simulation of Proteins
                  and Nucleic Acids",
  journal =      BTjcc,
  year =         "1986",
  volume =       "7",
  pages =        "230-252",
}

@Article{Weingartner82,
  author = 	 {H. Weing{\"a}rtner},
  title = 	 {Self diffusion in Liquid Water. A Reassessment},
  journal = 	 {Zeit. Phys. Chem. Neue Folge},
  year = 	 1982,
  volume =	 132,
  pages =	 {129-149}
}

@Article{Weinstein94,
  author =       "H. Weinstein and E. L. Mehler",
  title =        "Ca$^{2+}$-binding and structural dynamics in the
                 functions of calmodulin",
  journal =      BTarp,
  year =         "1994",
  volume =       "56",
  pages =        "213--236",
}

@Article{Weissman95,
  author =       "J. S. Weissman",
  title =        "All roads lead to Rome? The multiple pathways of
                 protein folding",
  journal =      BTcb,
  year =         "1995",
  volume =       "2",
  pages =        "255--260",
}

@Article{Widmalm92,
  author = 	 {G. Widmalm and R. W. Pastor},
  title = 	 {Comparison of Langevin and Molecular Dynamics Simulations},
  journal = 	 BTjcsft,
  year = 	 1992,
  volume =	 88,
  pages =	 {1747-1754}
}

@Article{Widom63,
  author =       "B. Widom",
  title =        "{I} Forgot",
  journal =      BTjcp,
  year =         "1963",
  volume =       "39",
  pages =        "2808--2812",
}

@Article{Wierenga85,
  author =       "R. K. Wierenga and M. C. H. de Maeyer and W. G. J.
                 Hol",
  title =        "Interaction of Phosphate Moieties with
                 {$\alpha$}-helices in Dinucleotide Binding Proteins",
  journal =      BTbioch,
  year =         "1985",
  volume =       "24",
  pages =        "1346--1357",
}

@Article{Wierenga86,
  author =       "R. K. Wierenga and P. Terpstra and W. G. J. Hol",
  title =        "Prediction of the occurence of the {ADP}-binding
                 $\beta\alpha\beta$-fold in Proteins, Using an Amino
                 Acid Sequence Fingerprint",
  journal =      BTjmb,
  year =         "1986",
  volume =       "187",
  pages =        "101--107",
}

@Article{Williams96,
  author = 	 {S. Williams and T. P. Casgrove and R. Gilmanshin and
                  K. S. Fang and R. H. Callender and W. H. Woodruff
                  and R. B. Dyer},
  title = 	 {Fast Events in Protein Folding: Helix Melting and
                  Formation in a Small Peptide},
  journal = 	 BTbioch,
  year = 	 1996,
  volume =	 35,
  pages =	 {691-697}
}

@Article{Williamson92,
  author =       "M. P. Williamson and J. P. Waltho",
  title =        "Peptide Structure from {NMR}",
  journal =      BTcsr,
  year =         "1992",
  volume =       "0",
  pages =        "227--236",
}

@Article{Williamson93a,
  author =       "M. P. Williamson and T. Asakura",
  title =        "Empirical Comparisons of Models for Chemical-Shift
                 Calculation in Proteins.",
  journal =      BTjmagb,
  year =         "1993",
  volume =       "101",
  pages =        "63--71",
}

@Article{Wishart94a,
  author =       "D. S. Wishart and B. D. Sykes",
  title =        "Chemical Shifts as a Tool for Structure
                 Determination",
  journal =      BTmie,
  year =         "1994",
  volume =       "239",
  pages =        "363--391",
}

@Article{Wlodawer87,
  author =       "A. Wlodawer and J. Nadchman and G. L. Gilliland and W.
                 Gallagher and C. Woodward",
  title =        "Structure of Form {III} Crystals of bovine pancreatic
                 trypsin inhibitor",
  journal =      BTjmb,
  year =         "1987",
  volume =       "198",
  pages =        "469--480",
}

@Article{Woody95,
  author =       "R. W. Woody",
  title =        "Cicular Dichroism",
  journal =      BTmie,
  year =         "1995",
  volume =       "246",
  pages =        "34--70",
}

@Article{Worth95,
  author = 	 {G. A. Worth and R. C. Wade},
  title = 	 {The Aromatic-(i+2) Amine Interaction in Peptides},
  journal = 	 BTjpc,
  year = 	 1995,
  volume =	 99,
  pages =	 {17473-17482}
}

@Article{Wright88,
  author =       "Peter E. Wright and H. Jane Dyson and Richard A.
                 Lerner",
  title =        "Conformation of peptide fragments of proteins in
                 aqueous solution: Implications for initiation of
                 protein folding",
  journal =      BTbioch,
  year =         "1988",
  volume =       "27",
  pages =        "7167--7175",
}

@Article{Wubs,
  author =       "F. W. Wubs and E. D. de Goede",
  title =        "An explicit-implicit method for a class of
                 time-dependent partial differential equations",
  journal =      "Applied Numerical Mathematics",
  year =         "1992",
  volume =       "9",
  pages =        "157",
}

@Article{YKim90,
  author = 	 {Y. Kim and J. H. Prestegard},
  title = 	 {Refinement of {NMR} Structures for Acyl Carrier
                  Protein With Scalar Coupling Data},
  journal = 	 BTprot,
  year = 	 1990,
  volume =	 8,
  pages =	 {377-385}
}

@Article{YWang96,
  author = 	 {Y. Wang and K. Kuczera},
  title = 	 {Molecular Dynamics Simulations of Cyclic and Linear
                  {DPDPE}: Influence of the Disulfide Bond on Peptide
                  Flexibility},
  journal = 	 BTjpc,
  year = 	 1996,
  volume =	 100,
  pages =	 {2555-2563}
}

@Article{YZhang94,
  author = 	 {Y. Zhang and R. W. Pastor},
  title = 	 {A Comparison of Methods for Computing Transition
                  Rates From Molecular Dynamics Simulation},
  journal = 	 BTmsim,
  year = 	 1994,
  volume =	 13,
  pages =	 {25-38}
}

@Article{Yamamoto60,
  author =       "T. Yamamoto",
  title =        "",
  journal =      BTjcp,
  year =         "1960",
  volume =       "33",
  pages =        "281",
}

@Article{Yoneya,
  author =       "M. Yoneya and H. J. C. Berendsen and K. Hirasawa",
  title =        "A non-iterative matrix method for constraint molecular
                 dynamics simulations",
  journal =      BTmsim,
  year =         "1994",
  volume =       "13",
  pages =        "395--405",
}

@Article{Yoneya94,
  author =       "M. Yoneya and H. J. C. Berendsen and K. Hirasawa",
  title =        "A non-iterative matrix method for constraint molecular
                 dynamics simulations",
  journal =      BTmsim,
  year =         "1994",
  volume =       "13",
  pages =        "395--405",
}

@Article{Young95,
  author =       "W. S. Young and C. L. {Brooks III}",
  title =        "Dynamic Load Balancing Algorithms for Replicated Data
                 Molecular Dynamics",
  journal =      BTjcc,
  year =         "1995",
  volume =       "16",
  pages =        "715--722",
}

@Article{Zettlmeissl83,
  author =       "Gerd Zettlmeissl and Rainer Rudolph and Rainer
                 Jaenicke",
  title =        "Rate-determining folding and association reactions on
                 the reconstitution pathway of porcine skeletal muscle
                 lactic dehydrogenase after denaturation by guanidine
                 hydrochloride",
  journal =      BTbioch,
  year =         "1982",
  volume =       "21",
  pages =        "3946--3950",
}

@Article{Zhang93a,
  author =       "Mingjie Zhang and Tao Yuan and Hans J. Vogel",
  title =        "A peptide analog of the calmodulin-binding domain of
                 myosin light chain kinase adopts an $\alpha$-helical
                 structure in aqueous trifluoroethanol",
  journal =      BTpsci,
  year =         "1993",
  volume =       "2",
  pages =        "1931-1937"
}

@Article{Zhang94a,
  author =       "M. Zhang and H. Fabian and H. H. Mantsch and H. J.
                 Vogel",
  title =        "Isotope-Edited Fourier Transform Infrared Spectroscopy
                 Studies of Calmodulin's Interaction Interaction with
                 its Target Peptides",
  journal =      BTbioch,
  year =         "1994",
  volume =       "33",
  pages =        "10883--10888",
}

@Article{Zhang94b,
  author = 	 {M. Zhang and H. J. Vogel},
  title = 	 {Two Dimensional {NMR} Studies of Selenomethionine
                  Calmodulin},
  journal = 	 BTjmb,
  year = 	 1994,
  volume =	 234,
  pages =	 {545-554}
}

@Article{Zhang94c,
  author = 	 "M. Zhang and H. J. Vogel",
  title = 	 "Characterization of the Calmodulin binding domain of
		  cerebrellar nitric oxide synthase",
  journal =	 BTjbc,
  year =	 1994,
  volume =	 269,
  pages =	 "981-985"
}

@Article{Zhang95a,
  author =       "M. Zhang and T. Tanaka and M. Ikura",
  title =        "Calcium-induced conformational transition revealed by
                 the solution structure of apo calmodulin",
  journal =      BTnsb,
  year =         "1995",
  volume =       "2",
  pages =        "758--767",
}

@Article{Zhorov94,
  author = 	 {B. S. ZhoBerendsen {\etal} also derived
values for 


Since $\dEdq \approx$ 

therefore $\xi$ should be about three orders of magnitude
larger than the expected deviation from the reference value. For
energies, where the deviation is on the order of 1000 {\kjm},
$\xi$ should be on the order of 10$^6$.
The sign of $\xi$ is important for proper functioning of the
algorithm. Usually the sign can be determined intuitively
by drawing a graph of the dependence of property with respect to
the parameter, for example:
$\frac{\partial P}{\partial C_{12}} > 0,
\frac{\partial E}{\partial C_6}    < 0$ and
$\frac{\partial E}{\partial q}	   < 0$.
It is also possible to test the dependence of observable on 
force field property by performing a short {\gct} simulation and testing the
convergence of the observable to the target value.
rov and V. S. Ananthanarayanan},
  title = 	 {Similarity of {Ca$^{2+}$}-bound conformations of
                  morphine and {M}et-Enkephalin: a computational study},
  journal = 	 BTfebs,
  year = 	 1994,
  volume =	 354,
  pages =	 {131-134}
}

@Article{Zhu91b,
  author =       "S.-B. Zhu and S. Yao and J.-B. Zhu and S. Singh and
		  G. W. Robinson",
  title =        "A flexible/polarizable simple point charge water model",
  journal =      BTjpc,
  year =         "1991",
  volume =       "95",
  pages =        "6211-6217"
}

@Article{Zhu93a,
  author = 	 {S. -B. Zhu and C. F. Wong},
  title = 	 {Sensitivity analysis of water thermodynamics},
  journal = 	 BTjcp,
  year = 	 1993,
  volume =	 98,
  pages =	 {8892-8899}
}

@Article{Zhu93b,
  author = 	 {S. -B. Zhu and C. F. Wong},
  title = 	 {Sensitivity analysis of distribution functions of
                  liquid water},
  journal = 	 BTjcp,
  year = 	 1993,
  volume =	 99,
  pages =	 {9047-9053}
}

@Article{Zhu94,
  author = 	 {S-B. Zhu and S. Singh and G. W. Robinson},
  title = 	 {Field-Perturbed Water},
  journal = 	 BTacp,
  year = 	 1994,
  volume =	 85,
  pages =	 {627-731}
}

@Article{Zimmerman91,
  author =       "K. Zimmerman",
  title =        "All purpose molecular mechanics simulator and energy
                 minimizer",
  journal =      BTjcc,
  year =         "1991",
  volume =       "12",
  pages =        "310--319",
}

@Manual{biomos,
  author =       "W. F. van Gunsteren and H. J. C. Berendsen",
  title =        "Gromos-87 manual",
  year =         "1987",
  address =      "Nij\-enborgh 4, 9747 AG Groningen, The Netherlands",
  organization = "Biomos BV",
}

@Manual{g92,
  title =        "Gaussian 92/{DFT}, Revision {G}. 1",
  author =       "M. J. Frisch and G. W. Trucks and H. B. Schlegel and
                 P. M. W. Gill and B. G. Johnson and M. W. Wong and J.
                 B. Foresman and M. A. Robb and M. Head-Gordon and E. S.
                 Replogle and R. Gomperts and J. L. Andres and K.
                 Raghavachari and J. S. Binkley and C. Gonzalez and R.
                 L. Martin and D. J. Fox and D. J. Defrees and J. Baker
                 and J. J. P. Stewart and J. A. Pople",
  organization = "Gaussian, Inc.",
  address =      "Pittsburgh PA",
  year =         "1993",
}


@Manual{g94,
  title =        "Gaussian 94, Revision {A.1}",
  author =       "M. J. Frisch and G. W. Trucks and H. B. Schlegel and
                 P. M. W. Gill and B. G. Johnson and M. A. Robb and
                  J. R. Cheeseman and T. A. Keith and G. A. Petersson
                  and J. A. Montgomery and K. Raghavachari and
                  M. A. Al-Laham and V. G. Zakrzewski and J. V. Ortiz
                  and J. B. Foresman and J. Ciosloswki and
                  B. B. Stefanof and A. Nanayakkara and M. Challacombe
                  and C. Y. Peng and P. Y. Ayala and W. Chen 
		 and M. W. Wong and J. L. Andres and E. S.
                 Replogle and R. Gomperts and R. L. Martin and
                  D. J. Fox and J. S. Binkley and D. J. Defrees and
                  J. Baker and J. P. Stewart
		  and M. Head-Gordon  and
                  C. Gonzalez  and J. A. Pople",
  organization = "Gaussian, Inc.",
  address =      "Pittsburgh PA",
  year =         "1995",
}

@Manual{gmx,
  title =        "Gromacs {U}ser {M}anual",
  author =       "David van der Spoel and Herman J. C. Berendsen and
                 Aldert R. van Buuren and Emile Apol and Pieter J.
                 Meulenhoff and Alfons L. T. M. Sij\-bers and Rudi van
                 Drunen",
  address =      "Nij\-enborgh 4, 9747 AG Groningen, The Netherlands.
                 Internet: {\tt http://rugmd0.chem.rug.nl/{\TILDE}gmx}",
  year =         "1995",
}

@Manual{gmx2,
  title =        "Gromacs {U}ser {M}anual version 1.3",
  author =       "David van der Spoel and Aldert R. van Buuren and Emile
                 Apol and Pieter J. Meulenhoff and D. Peter Tieleman and
                 Alfons L. T. M. Sij\-bers and Rudi van Drunen and
                 Herman J. C. Berendsen",
  address =      "Nij\-enborgh 4, 9747 AG Groningen, The Netherlands.
                 Internet: {\tt http://rugmd0.chem.rug.nl/{\TILDE}gmx}",
  year =         "1996"
}

@Manual{gmx3,
  title =        "Gromacs {U}ser {M}anual version 1.5",
  author =       "David van der Spoel and Aldert R. van Buuren and Emile
                 Apol and Pieter J. Meulenhoff and D. Peter Tieleman and
                 Alfons L. T. M. Sij\-bers and Rudi van Drunen and
                 Herman J. C. Berendsen",
  address =      "Nij\-enborgh 4, 9747 AG Groningen, The Netherlands.
                 Internet: {\tt http://rugmd0.chem.rug.nl/{\TILDE}gmx}",
  year =         "1997"
}

@Article{iupac70,
  author =       "IUPAC-IUB Comission on Biochemical Nomenclature",
  title =        "Abrreviations and Symbols for the Description of the
                 Conformation of Polypeptide Chains. Tentative Rules
                 (1969)",
  journal =      BTbioch,
  year =         "1970",
  volume =       "9",
  pages =        "3471--3478",
}

@Manual{pvm3,
  title =        "{PVM} 3 User's guide and reference manual",
  author =       "A. Geist and A. Beguelin and J. Dongarra and W. Jiang
                 and R. Manchek and V. Sunderam",
  organization = "Oak Ridge National Laboratory",
  address =      "Oak Ridge, Tennessee 37381",
  year =         "1994",
}


@Manual{quanta,
  title =        "{QUANTA} 3.0",
  author =       "MSI",
  address =      "York, United Kingdom",
  year =         "1994",
  organization = "Molecular Simulations Incorporated",
}

@Article{whatif,
  author =       "G. Vriend",
  title =        "{WHAT} {IF}: a molecular modeling and drug design
                 program",
  journal =      "J. Mol. Graph.",
  year =         "1990",
  volume =       "8",
  pages =        "52--56",
}

@Book{xplor,
  author = 	 {A. T. Br{\"u}nger},
  title = 	 {{X-PLOR}, Version 3.1. A System for {X}-ray
                  Crystallography and {NMR}},
  publisher = 	 {Yale University Press},
  year = 	 1992,
  address =	 {New Haven}
}

@Article{JSmith86,
  author = 	 "J. L. Smith and W. A. Hendrickson and R. B. Honzatko
		  and S. Sheriff",
  title = 	 "Structural heterogeneity in protein crystals",
  journal =	 BTbioch,
  year =	 1986,
  volume =	 25,
  pages =	 "5018-5027"
}

@Article{Bonvin96,
  author = 	 "A. M. J. J. Bonvin and A. T. Br{\"u}nger",
  title = 	 "Do {NOE} distances contain enough information to
		  assess the relative populations of multi-conformer
		  structures?",
  journal =	 BTjbnmr,
  year =	 1996,
  volume =	 7,
  pages =	 "72-76"
}

@Article{McGregor87,
  author = 	 "M. J. McGregor and S. A. Islam and M . J. E. Sternberg",
  title = 	 "Analysis of the relationship between side-chain
		  conformation and secondary structure in globular proteins",
  journal =	 BTjmb,
  year =	 1987,
  volume =	 198,
  pages =	 "295-310"
}

@Article{Gelin79,
  author = 	 "B. R. Gelin and M. Karplus",
  title = 	 "Side-chain torsion potentials:  effect of dipeptide,
		  protein and solvent environment",
  journal =	 BTbioch,
  year =	 1979,
  volume =	 18,
  pages =	 "1256-1268"
}


@Article{Zvelebil93,
  author = 	 "M. J. J. M. Zvelebil and J. M. Thornton",
  title = 	 "Peptide-protein interactions: an overview",
  journal =	 "Quart. Rev. Biophys.",
  year =	 1993,
  volume =	 26,
  pages =	 "333-363"
}

@Article{Shirley97,
  author = 	 "W. A. Shirley and C. L. {Brooks III}",
  title = 	 {Curious structure in ``Canonical'' Alanine based peptides},
  journal =	 BTprot,
  year =	 1997,
  volume =	 28,
  pages =	 "59-71"
}

@Article{Young96,
  author = 	 "W. S. Young and C. L. {Brooks III}",
  title = 	 "A Microscopic view of Helix propagation: {N} and
		  {C}-terminal helix growth in alanine helices",
  journal =	 BTjmb,
  year =	 1996,
  volume =	 259,
  pages =	 "560-572"
}

@Article{Kemp96,
  author = 	 "D. S. Kemp and T. J. Allen and S. L. Oslick and
		  J. G. Boyd",
  title = 	 "The structure and energetics of Helix FOrmation by
		  Short templated peptides in aqueous
		  solution. 2. Characterization of the helical
		  structure of {Ac}-{Hel$_1$}-{Ala$_6$}-{OH}",
  journal =	 BTjacs,
  year =	 1996,
  volume =	 118,
  pages =	 "4240-4248"
}

@Article{Gerstein93a,
  author = 	 "M. Gerstein and G. Schulz and C. Chothia",
  title = 	 "Domain Closure in Adenylate Kinase Joints on either
		  side of two helices close like neighboring fingers",
  journal =	 BTjmb,
  year =	 1993,
  volume =	 229,
  pages =	 "494-501"
}

@Article{Gerstein93b,
  author = 	 "M. Gerstein and B. F. Anderson and G. E. Norris and
		  E. N. Baker and A. M. Lesk and C. Chothia",
  title = 	 "Domain Closure in Lactoferrin. Two hinges produce a
		  See-saw maotion between alternative close-packed interiors",
  journal =	 BTjmb,
  year =	 1993,
  volume =	 234,
  pages =	 "357-372"
}

@Article{Gerstein94a,
  author = 	 "M. Gerstein and A. M. Lesk and C. Chothia",
  title = 	 "Structural Mechanisms for Domain Movements in Proteins",
  journal =	 BTbioch,
  year =	 1994,
  volume =	 33,
  pages =	 "6739-6749"
}

@Article{DYang96,
  author = 	 "D. Yang and L. E. Kay",
  title = 	 "Contributions to conformational entropy arising from
		  bond vector fluctuations measured from NMR derived
		  order parameters: Application to protein folding",
  journal =	 BTjmb,
  year =	 1996,
  volume =	 263,
  pages =	 "369-382"
}

@Article{Widmer86a,
  author = 	 "H. Widmer and K. W{\"u}thrich",
  title = 	 "Simulation of Two-Dimensional {NMR} Experiments
		  using numerical density matrix calculations",
  journal =	 BTjmag,
  year =	 1986,
  volume =	 70,
  pages =	 "270-279"
}

@Article{Widmer87a,
  author = 	 "H. Widmer and K. W{\"u}thrich",
  title = 	 "Simulated Two-Dimensional {NMR} Cross-Peak Fine
		  Structures for $^1${H} spin systems in polypeptides
		  and polydeoxynucleotides",
  journal =	 BTjmag,
  year =	 1987,
  volume =	 74,
  pages =	 "316-336"
}

@Article{Palmer96a,
  author = 	 "A. G. {Palmer III} and J. Williams and A. {McDermott}",
  title = 	 "Nuclear magnetic resonance studies of biopolymer dynamics",
  journal =	 BTjpc,
  year =	 1996,
  volume =	 100,
  pages =	 "13293-13310"
}

@Article{Tabernero97,
  author = 	 "L. Tabernero and D. A. Taylor and R. J. CHandross
		  and M. F. A. {van Berkum} and A. R. Means and
		  F. A. Quiocho and J. S. Sack",
  title = 	 "The structure of a calmodulin mutant with a
		  deleteion in the central helix: implications for
		  molecular recognition and protein binding",
  journal =	 BTstr,
  year =	 1997,
  volume =	 5,
  pages =	 "613-622"
}

@Article{Montigiani96,
  author = 	 "S. Montigiani and G. Neri and P. Neri and D. Neri",
  title = 	 "Alanine substitutions in Calmodulin-binding peptides
		  result in unexpected affinity enhancements",
  journal =	 BTjmb,
  year =	 1996,
  volume =	 258,
  pages =	 "6-13"
}

@Article{Wishart95a,
  author = 	 "D. Wishart and C. G. Bigam and A. Holm and R. S.
		  Hodges and D. Sykes",
  title = 	 "{$^1$H}, {$^{13}$C} and {$^{15}$N} random coil {NMR}
		  chemical shifts of the common amino acids. {I.}
		  {I}nvestigation of nearest-neighbor effects",
  journal =	 BTjbnmr,
  year =	 1995,
  volume =	 5,
  pages =	 "67-81"
}

@Article{Barone94,
  author = 	 "G. Barone and G. {Della Gatta} and P. {Del Vecchio}
		  and C. Giancola and G. Graziano",
  title = 	 "Hydration enthalpy of model peptides: N-acetyl amino acids",
  journal =	 BTbiopc,
  year =	 1994,
  volume =	 51,
  pages =	 "193-202"
}

@Article{Meirovitch94,
  author = 	 "H. Meirovitch and S. C. Koerber and J. E. Rivier and
		  A. T. Hagler",
  title = 	 "Computer simulation of the free energy of Peptides
		  with the local states method: Analogues of
		  Gonadotropin releasing hormones in the random coil
		  and stable states",
  journal =	 BTbiop,
  year =	 1994,
  volume =	 34,
  pages =	 "815-839"
}

@Article{Dalgarno83,
  author = 	 "D. C. Dalgarno and B. A. Levine and R. J. P. Williams",
  title = 	 "Structural information from {NMR} secondary chemical
		  shifts of peptide $\alpha${C-H} protons in proteins",
  journal =	 "Biosci. Rep.",
  year =	 1983,
  volume =	 3,
  pages =	 "443-452"
}

@Article{Williamson90a,
  author = 	 "M. P. Williamson",
  title = 	 "Secondary-structure dependent chemical shifts in Proteins",
  journal =	 BTbiop,
  year =	 1990,
  volume =	 29,
  pages =	 "1423-1431"
}

@Article{Pardi83,
  author = 	 "A. Pardi and G. Wagner and K. W{\"u}thrich",
  title = 	 "Protein conformation and proton nuclear-magnetic
		  resonance chemical shifts",
  journal =	 BTejb,
  year =	 1983,
  volume =	 137,
  pages =	 "445-454"
}

@Article{Saito86,
  author = 	 "H. Saito",
  title = 	 "Conformation-dependant {$^{13}$C} chemical shifts: A
		  New means of conformational characterization as
		  obtained by High-resolution solid-state {$^{13}$C} {NMR}",
  journal =	 "Magn. Res. Chem.",
  year =	 1986,
  volume =	 24,
  pages =	 "835-852"
}

@Article{Szilagyi89,
  author = 	 "L. Szil{'a}gyi and O. Jardetzky",
  title = 	 "{$\alpha$}-{P}roton chemical shifts and secondary
		  structure in proteins",
  journal =	 BTjmag,
  year =	 1989,
  volume =	 83,
  pages =	 "441-449"
}

@Article{Gross88,
  author = 	 "K-H. Gross and H. R. Kalbitzer",
  title = 	 "Distribution of chemical shifts in {$^1$H} nuclear
		  magnetic resonance spectra of proteins",
  journal =	 BTjmag,
  year =	 1988,
  volume =	 76,
  pages =	 "87-99"
}

@Article{MLee92,
  author = 	 "M. S. Lee and A. G. {Palmer III} and P. E. Wright",
  title = 	 "Relationship between {$^1$H} and {$^{13}$C} {NMR}
		  chemical shifts and the secondary and tertiary
		  structure of a zinc finger peptide",
  journal =	 BTjbnmr,
  year =	 1992,
  volume =	 2,
  pages =	 "307-322"
}

@Article{Jia96a,
  author = 	 {Z. Jia and C. I. {DeLuca} and H. Chao and P. L. Davies},
  title = 	 {Structural basis for the binding of a globular
                  antifreeze protein to ice},
  journal = 	 BTnature,
  year = 	 1996,
  volume =	 384,
  pages =	 {285-288}
}

@InCollection{PSmith93b,
  author = 	 "P. E. Smith and W. F. van Gunsteren",
  booktitle = 	 "Computer Simulation of Biomolecular Systems",
  title = 	 "Methods for the evaluation of long range
                  electrostatic forces in computer simulations of
                  molecular systems",
  editor = 	 "W. F. van Gunsteren and P. K. Weiner and A. J. Wilkinson",
  publisher = 	 "Escom",
  address =      "Leiden",
  year = 	 "1993",
  volume = 	 "2",
  pages = 	 "182--213",
}

@Article{Ni92,
  author = 	 {X. Ni and R. M. Fine},
  title = 	 {Determination of the dielectric constant of the
                  water model {TIP4P} by free energy perturbation and
                  induced polarization},
  journal = 	 BTjpc,
  year = 	 {1992},
  volume = 	 {96},
  OPTnumber = 	 {},
  OPTmonth = 	 {},
  pages = 	 {2718},
}

@Article{Guissani93,
  author = 	 {Y. Guissani and B. J. Guillot},
  title = 	 {A computer simulation study of the liquid-vapor
                  coexistence curve of water},
  journal = 	 BTjcp,
  year = 	 {1993},
  volume = 	 {98},
  OPTnumber = 	 {},
  OPTmonth = 	 {},
  pages = 	 {8221--8235},
}

@Article{Teleman87,
  author = 	 {O. Teleman and B. J{\"o}nsson and Engstr{\"o}m},
  title = 	 {A molecular dynamics simulation of a water model
                  with intramolecular degrees of freedom},
  journal = 	 BTmph,
  year = 	 {1987},
  volume = 	 {60},
  OPTnumber = 	 {},
  OPTmonth = 	 {},
  pages = 	 {193--203},
}

@Article{Strauch89,
  author = 	 {H. J. Strauch and P. T. Cummings},
  title = 	 {Computer simulation of the dielectric properties of
                  liquid water},
  journal = 	 BTmsim,
  year = 	 {1989},
  volume = 	 {2},
  OPTnumber = 	 {},
  OPTmonth = 	 {},
  pages = 	 {89-104},
}

@Article{Belle92,
  author = 	 {D. van Belle and M. Froeyen and G. Lippenns and
                  S. J. Wodak},
  title = 	 {Molecular dynamics simulation of polarizable water
                  by an extended {L}agrangian method},
  journal = 	 BTmph,
  year = 	 {1992},
  volume = 	 {77},
  OPTnumber = 	 {},
  OPTmonth = 	 {},
  pages = 	 {239--255},
}

@Article{Barrat90,
  author = 	 {J.-L. Barrat and I. R. McDonald},
  title = 	 {The role of molecular flexibility in simulations of
                  water},
  journal = 	 BTmph,
  year = 	 {1990},
  volume = 	 {70},
  OPTnumber = 	 {},
  OPTmonth = 	 {},
  pages = 	 {535--539},
}

@Article{Reddy87,
  author = 	 {M. R. Reddy and M. Berkowitz},
  title = 	 {Structure and dynamics of high-pressure {TIP4p}
                  water},
  journal = 	 BTjcp,
  year = 	 {1987},
  volume = 	 {87},
  OPTnumber = 	 {11},
  OPTmonth = 	 {December},
  pages = 	 {6682--6686},
}

@Article{Heyes94,
  author = 	 {D. M. Heyes},
  title = 	 {Physical Properties of Liquid Water by Molecular
                  Dynamics Simulations},
  journal = 	 BTjcsft,
  year = 	 {1994},
  volume = 	 {90},
  OPTnumber = 	 {20},
  OPTmonth = 	 {},
  pages = 	 {3039--3049},
}

@Article{Bernardo94,
  author = 	 {D. N. Bernardo and Y. Ding and K. Krogh-Jespersen
                  and R. M. Levy},
  title = 	 {An Anisotropic Polarizable Water Model:
                  {I}ncorporation of All-Atom Polarizabilities into
                  Molecular Mechanics Force Fields},
  journal = 	 BTjpc,
  year = 	 {1994},
  volume = 	 {98},
  OPTnumber = 	 {15},
  OPTmonth = 	 {},
  OPTremarks =   {Contains dimer info for the SPC model},
  pages = 	 {4180--4187},
}

@Article{Hermans97a,
  author = 	 {J. Hermans},
  title = 	 {Insight via simulations: publishing results and methods},
  journal = 	 BTprot,
  year = 	 1997,
  volume =	 27,
  pages =	 {i}
}

@Article{Yamasaki95a,
  author = 	 {K. Yamasaki and M. Saito M. Oobatake and S. Kanaya},
  title = 	 {Characterization of the internal motions of
                  {E}scheria Coli Ribonuclease {HI} by a combination
                  of $^{15}${N-NMR} relaxation analysis and molecular
                  dynamics simulation: examination of dynamic models},
  journal = 	 BTbioch,
  year = 	 1995,
  volume =	 34,
  pages =	 {6587-6601}
}

@Article{Akke93a,
  author = 	 {M. Akke and R. Br{\"u}schweiler and A. G. {Palmer III}},
  title = 	 {{NMR} order parameters and free energy: an
                  analytical approach and its application to
                  cooperative {Ca$^{2+}$} binding by calbindin {D$_{9K}$}},
  journal = 	 BTjacs,
  year = 	 1993,
  volume =	 115,
  pages =	 {9832-9833}
}

@Article{Dzakula92b,
  author = 	 {Z. D{\~z}akula and A. S. Edison and W. M. Westler
                  and J. L. Markley},
  title = 	 {Analysis of $\chi_1$ rotamer populations from {NMR}
                  data by the {CUPID} method},
  journal = 	 BTjacs,
  year = 	 1992,
  volume =	 114,
  pages =	 {6200-6207}
}

@Article{Dzakula92a,
  author = 	 {Z. D{\~z}akula and W. M. Westler and A. S. Edison
                  and J. L. Markley},
  title = 	 {The {CUPID} method for calculating the continuous
                  probability distribution of rotamers from {NMR} data},
  journal = 	 BTjacs,
  year = 	 1992,
  volume =	 114,
  pages =	 {6195-6199}
}

@Article{Dzakula96a,
  author = 	 {Z. D{\~z}akula and W. M. Westler and J. L. Markley},
  title = 	 {Continuous probability distribution ({CUPID})
                  analysis of potentials for internal rotations},
  journal = 	 BTjmagb,
  year = 	 1996,
  volume =	 111,
  pages =	 {109-126}
}

@Article{Doig95a,
  author = 	 {A. J. Doig and M. J. Sternberg},
  title = 	 {Side-chain conformational entropy in protein folding},
  journal = 	 BTpsci,
  year = 	 1995,
  volume =	 4,
  pages =	 {2247-2251}
}
 

@Article{Ponder87,
  author = 	 {J. W. Ponder and F. M. Richards},
  title = 	 {Tertiary templates for proteins},
  journal = 	 BTjmb,
  year = 	 1987,
  volume =	 193,
  pages =	 {775-791}
}

@Article{Hyberts87,
  author = 	 {S. G. Hyberts and W. M{\"a}rk and G. Wagner},
  title = 	 {Stereospecific assignments of side-chain protons and
                  characterization of torsion angles in {E}glin C},
  journal = 	 BTejb,
  year = 	 1987,
  volume =	 164,
  pages =	 {625-635}
}

@Article{Wishart94b,
  author = 	 {D. S. Wishart and B. D. Sykes},
  title = 	 {The $^{13}${C} chemical-shift index: a simple method
                  for the identification of protein secondary
                  structure using $^{13}${C} chemical-shift data},
  journal = 	 BTjbnmr,
  year = 	 1994,
  volume =	 4,
  pages =	 {171-180}
}

@Book{Debye29,
  author =       {P. Debye},
  title =        {Polar molecules},
  publisher =    {Chemical Catalog},
  year =         {1929},
  address =      {New York}
}

@Article{Degroot97a,
  author = 	 {B. L. de Groot and D. M. F. van Aalten and
                  R. M. Scheek and A. Amadei and G. Vriend and
                  H. J. C. Berendsen},
  title = 	 {Predisction of Protein Conformational Freedom From
                  Distance Constrains},
  journal = 	 BTprot,
  year = 	 1997
}

@article{Hess97,
  author = 	 {B. Hess and H. Bekker and H. J. C. Berendsen and
                  J. G. E. M. Fraaije},
  title = 	 {{LINCS}: A Linear Constraint Solver for Molecular Simulations},
  journal = 	 BTjcc,
  year = 	 1997,
  volume =       18,
  pages =        {1463--1472}
}

@Article{Hess2000,
  author =       {B. Hess},
  title =        {Similarities between principal components of protein
                  dynamics and random diffusion},
  journal =      BTpre,
  year =         2000,
  volume =       62,
  pages =        {8438-8448}
}

@Article{Balasubramanian96,
  author =	 {S. Balasubramanian and C. J. Mundy and M. L. Klein},
  title =	 {Shear viscosity of polar fluids: Miolecular dynamics
                  calculations of water},
  journal =	 BTjcp,
  year =	 {1996},
  volume =	 {105},
  OPTnumber =	 {24},
  OPTmonth =	 {December},
  OPTremarks =	 {SPC/E},
  pages =	 {11190--11195},
}
@Article{Gunsteren98a,
  author =       "W. F. van Gunsteren and A. E. Mark",
  title =        "Validation of molecular dynamics simulations",
  journal =      BTjcp,
  year =         1998,
  volume =       108,
  pages =        "6109-6116"
}
@Article{PSmith93c,
  author = 	 {P. E. Smith and W. F. van Gunsteren},
  title = 	 {The Viscosity of SPC and SPC/E Water},
  journal = 	 BTcpc,
  year = 	 1993,
  volume =	 215,
  pages =	 {315-318}
}

@Article{Resat93,
  author = 	 {H. Resat and M. Mezel},
  title = 	 {Studies on free energy calculations. {I}. {T}hermodynamic integration using a polynomial path},
  journal = 	 BTjcp,
  year = 	 1993,
  volume =	 99,
  pages =	 {6052-6061}
}

@Book{numrec,
  author =       "W. H. Press and S. A. Teukolsky and W. T. Vetterling
                  and B. P. Flannery",
  title =        "Numerical Recipes in {C}",
  publisher =    "Cambridge University Press",
  year =         1992
}
@Article{Morse29,
  author = 	 {P. M. Morse},
  title = 	 {Diatomic molecules according to the wave mechanics. {II}. Vibrational levels.},
  journal = 	 {Phys. Rev.},
  year = 	 1929,
  volume =	 34,
  pages =	 {57-64}
}

@Article{	  spoel98a,
  author	= {D. van der Spoel and P. J. van Maaren and H. J. C.
		  Berendsen},
  title		= {A systematic study of water models for molecular
		  simulation},
  year		= 1998,
  journal       = BTjcp,
  volume        = 108,
  pages         = {10220-10230}
}

@Article{Beckers98a,
  author = 	 {J. V. L. Beckers and C. P. Lowe and S. W. de Leeuw},
  title = 	 {An iterative {PPPM} method for simulating coulombic systems on distributed memory parallel computers},
  journal = 	 BTmsim,
  year = 	 1998,
  volume =	 20,
  pages =	 {369-383}
}

@Book{gromos96,
  author =	 {W. F. van Gunsteren and S. R. Billeter and A. A. Eising and P. H. H{\"u}nenberger and P. Kr{\"u}ger and A. E. Mark and W. R. P. Scott and I. G. Tironi},
  title = 	 {Biomolecular Simulation: The {GROMOS96} manual and user guide},
  publisher = 	 {Hochschulverlag {AG} an der {ETH} {Z}{\"u}rich },
  year = 	 1996,
  address =	 {Z{\"u}rich, Switzerland}
}

@Article{feenstra99,
  author = 	 {K. Anton Feenstra and Berk Hess and Herman
                  J. C. Berendsen},
  title = 	 {Improving Efficiency of Large Time-scale Molecular
                  Dynamics Simulations of Hydrogen-rich Systems},
  journal = 	 BTjcc,
  year = 	 1999,
  volume =	 20,
  pages =	 {786-798},
}

@article{Ferguson95,
  author = 	 {D. M. Ferguson},
  title = 	 {Parametrization and Evaluation of a Flexible Water Model},
  journal = 	 BTjcc,
  year = 	 1995,
  volume =	 16,
  pages =	 {501-511}
}

@Article{feenstra01,
  author = 	 {K. Anton Feenstra and Ruud M. Scheek and Herman J.
                  C. Berendsen and Alan E. Mark},
  title = 	 {Analysis of the Hierarchy of Motion of Globular
                  Proteins with implications for Protein Folding},
  journal = 	 {},
  year = 	 {},
  note =	 {(submitted to PROTEINS: Struct. Funct. Gen., feb. 2001)},
}

@Unpublished{Lindahl2001a,
  author = 	 {E. Lindahl and B. Hess and D. van der Spoel},
  title = 	 {GROMACS 3.0: A package for molecular simulation and trajectory analysis},
  year =          2001,
  journal =      BTjmm,
  note = 	 {In press}
}

@Article{Dick58,
  author = 	 {B. G. Dick and A. W. Overhauser},
  title = 	 {Theory of the dielectric constants of alkali halide crystals},
  journal = 	 BTpr,
  year = 	 1958,
  volume =	 112,
  pages =	 {90-103}
}

@Article{Maaren2001a,
  author = 	 {P. J. van Maaren and D. van der Spoel},
  title = 	 {Molecular dynamics simulations of a water with a novel shell-model potential},
  journal = 	 BTjpcb,
  year = 	 2001,
  volume =	 105,
  pages =	 {2618-2626}
}
