@InCollection{PSmith93b,
  author = 	 "P. E. Smith and W. F. van Gunsteren",
  booktitle = 	 "Computer Simulation of Biomolecular Systems",
  title = 	 "Methods for the evaluation of long range
                  electrostatic forces in computer simulations of
                  molecular systems",
  editor = 	 "W. F. van Gunsteren and P. K. Weiner and A. J. Wilkinson",
  publisher = 	 "Escom",
  address =      "Leiden",
  year = 	 "1993",
  volume = 	 "2",
  pages = 	 "182--213",
}

@Article{Ni92,
  author = 	 {X. Ni and R. M. Fine},
  title = 	 {Determination of the dielectric constant of the
                  water model {TIP4P} by free energy perturbation and
                  induced polarization},
  journal = 	 BTjpc,
  year = 	 {1992},
  volume = 	 {96},
  OPTnumber = 	 {},
  OPTmonth = 	 {},
  pages = 	 {2718},
}

@Article{Guissani93,
  author = 	 {Y. Guissani and B. J. Guillot},
  title = 	 {A computer simulation study of the liquid-vapor
                  coexistence curve of water},
  journal = 	 BTjcp,
  year = 	 {1993},
  volume = 	 {98},
  OPTnumber = 	 {},
  OPTmonth = 	 {},
  pages = 	 {8221--8235},
}

@Article{Teleman87,
  author = 	 {O. Teleman and B. J{\"o}nsson and Engstr{\"o}m},
  title = 	 {A molecular dynamics simulation of a water model
                  with intramolecular degrees of freedom},
  journal = 	 BTmph,
  year = 	 {1987},
  volume = 	 {60},
  OPTnumber = 	 {},
  OPTmonth = 	 {},
  pages = 	 {193--203},
}

@Article{Strauch89,
  author = 	 {H. J. Strauch and P. T. Cummings},
  title = 	 {Computer simulation of the dielectric properties of
                  liquid water},
  journal = 	 BTmsim,
  year = 	 {1989},
  volume = 	 {2},
  OPTnumber = 	 {},
  OPTmonth = 	 {},
  pages = 	 {89-104},
}

@Article{Belle92,
  author = 	 {D. van Belle and M. Froeyen and G. Lippenns and
                  S. J. Wodak},
  title = 	 {Molecular dynamics simulation of polarizable water
                  by an extended {L}agrangian method},
  journal = 	 BTmph,
  year = 	 {1992},
  volume = 	 {77},
  OPTnumber = 	 {},
  OPTmonth = 	 {},
  pages = 	 {239--255},
}

@Article{Barrat90,
  author = 	 {J.-L. Barrat and I. R. McDonald},
  title = 	 {The role of molecular flexibility in simulations of
                  water},
  journal = 	 BTmph,
  year = 	 {1990},
  volume = 	 {70},
  OPTnumber = 	 {},
  OPTmonth = 	 {},
  pages = 	 {535--539},
}

@Article{Reddy87,
  author = 	 {M. R. Reddy and M. Berkowitz},
  title = 	 {Structure and dynamics of high-pressure {TIP4p}
                  water},
  journal = 	 BTjcp,
  year = 	 {1987},
  volume = 	 {87},
  OPTnumber = 	 {11},
  OPTmonth = 	 {December},
  pages = 	 {6682--6686},
}

@Article{Heyes94,
  author = 	 {D. M. Heyes},
  title = 	 {Physical Properties of Liquid Water by Molecular
                  Dynamics Simulations},
  journal = 	 BTjcsft,
  year = 	 {1994},
  volume = 	 {90},
  OPTnumber = 	 {20},
  OPTmonth = 	 {},
  pages = 	 {3039--3049},
}

@Article{Bernardo94,
  author = 	 {D. N. Bernardo and Y. Ding and K. Krogh-Jespersen
                  and R. M. Levy},
  title = 	 {An Anisotropic Polarizable Water Model:
                  {I}ncorporation of All-Atom Polarizabilities into
                  Molecular Mechanics Force Fields},
  journal = 	 BTjpc,
  year = 	 {1994},
  volume = 	 {98},
  OPTnumber = 	 {15},
  OPTmonth = 	 {},
  OPTremarks =   {Contains dimer info for the SPC model},
  pages = 	 {4180--4187},
}

