NMR

@Article{lankhorst82,
  author =       "D. Lankhorst and J. Schreiver and J. C. Leyte",
  title =        "Determination of the Rotational Correlation Time of
                  Water by Proton {NMR} in {$$}",
  journal =      BTbbpc,
  year =         "1982",
  volume =       "86",
  OPTnumber =    "",
  pages =        "215-221",
  OPTmonth =     "",
  OPTremark =	 "Water, 25 C
                  \tau_r = 2.44 (r_{OH}=0.101 nm, ice), 
                  \tau_r = 1.71 (r_{OH}=0.0958 nm, gas)",
  OPTfolder =    "NMR",
}

@Article{maarel85,
  author =       "J. R. C. van der Maarel and D. Lankhorst and J. de
                  Bleijser and J. C. Leyte",
  title =        "On the single-molecule dynamics of water from
                  proton, deuterium and oxygen-17 nuclear magnetic relaxation",
  journal =      BTcpl,
  year =         "1985",
  volume =       "122",
  OPTnumber =    "6",
  pages =        "541-544",
  OPTmonth =     "",
  OPTremark =	 "Water, 298 K
                  \tau_{OH} = 1.95+/-0.08 ps, \tau_O = 1.96+/-0.11 ps,
                  r_{OH}=0.98 A",
  OPTfolder =    "NMR",
}

@Article{struis87,
  author =       "R. P. W. J. Struis and J. de Bleijser and J. C. Leyte",
  title =        "Dynamic Behavior and Some of the Molecular
                  Properties of Water molecules in Pure Water and in
                  {MgCl_2} Solutions",
  journal =      BTjpc,
  year =         "1987",
  volume =       "91",
  OPTnumber =    "",
  pages =        "1639-1645",
  OPTmonth =     "",
  OPTremark =	 "Water, 25 C
                  \tau_{HO} = 1.96 ps, \tau_O = 2.03 (with r_{HO}=0.98 A)
                  \tau_{HO} = 1.94 ps, \tau_O = 1.93 (with \tau_{HO}=\tau_D)",
  OPTfolder =    "NMR",
}

@Article{bieze93,
  author =       "T. W. N. Bieze and J. R. C. van der Maarel and
                  J. C. Leyte",
  title =        "The intramolecular {OH} bond length of water in a
                  concentrated poly(ethyleneoxide) solution. {A}n
                  {NMR} relaxation study",
  journal =      BTcpl,
  year =         "1993",
  volume =       "216",
  OPTnumber =    "1,2",
  pages =        "56-62",
  OPTmonth =     "",
  OPTremark =	 "Water, 298 K
                  \tau_{OH} = 2.0 ps, \tau_O 1.97 ps",
  OPTfolder =    "NMR",
}


@Article{ludwig95,
  author =       "R. Ludwig",
  title =        "{NMR} relaxation studies in water-alcohol mixtures:
                  the water-rich region",
  journal =      BTcp,
  year =         "1995",
  volume =       "195",
  OPTnumber =    "",
  pages =        "329-337",
  OPTmonth =     "",
  OPTremark =	 "Rotational correlation time of the OH group from NMR
                  at 298 K. \tau_c = 1.95 ps",
  OPTfolder =    "NMR",
}

Dielectric relaxation

@Article{kaatze93,
  author =       "U. Kaatze",
  title =        "Dielectric relaxation of {$H_2O/D_2O$} mixtures",
  journal =      BTcpl,
  year =         "1993",
  volume =       "203",
  OPTnumber =    "1",
  pages =        "1-4",
  OPTmonth =     "",
  OPTremark =	 "For water same as kaatze89, more info on heavy water",
  OPTfolder =    "Dielectric relaxation",
}

@Article{kindt96,
  author =       "J. T. Kindt and C. A. Schmuttenmaer",
  title =        "Far-{I}nfrared Dielactric Properties of Polar
                  Liquids Probed by Femtoseconf Terahertz Pulse Spectroscopy",
  journal =      BTjpc,
  year =         "1996",
  volume =       "100",
  OPTnumber =    "24",
  pages =        "10373-10379",
  OPTmonth =     "",
  OPTremark =	 "Water ?? C.
                  \epsilon_s = 78.36, \tau_1 = 8.24ps, \epsilon_infty = 3.48
                  \epsilon_2 = 4.93, \tau_2 = 0.18ps",
  OPTfolder =    "Dielectric relaxation",
}

@Article{kaatze89,
  author =       "Udo Kaatze",
  title =        "Complex Permittivity of Water as a Function of
                  Frequency and Temperature",
  journal =      BTjced,
  year =         "1989",
  volume =       "34",
  OPTnumber =    "",
  pages =        "371-374",
  OPTmonth =     "",
  OPTremark =	 "Water 
                  T (C) \epsilon(0)  \epsilon(\infty) \tau(ps)
                  20     80.21+/-0.2   5.6+/-0.2      9.36+/-0.05
                  25     78.36+/-0.05  5.2+/-0.1      8.27+/-0.02
                  30     76.56+/-0.2   5.2+/-0.4      7.28+/-0.05",
  OPTfolder =    "Dielectric relaxation",
}

@Article{barthel90,
  author =       "J. Barthel and K. Bachhuber and R. Buchner and
                  H. Hetzenauer",
  title =        "Dielectric Spectra of some Common Solvents in the
                  Microwave Region, Water and Lower Alcohols",
  journal =      BTcpl,
  year =         "1990",
  volume =       "165",
  OPTnumber =    "4",
  pages =        "369-373",
  OPTmonth =     "",
  OPTremark =	 "Water, 25 C. 
                  It was found, that the relaxation behaviour
                  up to at last 60 GHz is governed by a single
                  exponential (\epsilon = 78.36, \tau = 8.27ps,
                  \epsilon_infty = 5.16). Below 40 GHz, only the
                  assumption of an additional exponential (\tau_2 =
                  1.02 ps) yields a satisfactory result.",
  OPTfolder =    "Dielectric relaxation",
}
